[
  {
    "url": "https://lesdelicesduverger.com/article/citron-jaune",
    "title": "Citron jaune",
    "image": "\n                https://images.sumup.com/img_0F7RFBPQKJ9NZV1N1H6PYF7B9Q/image.png",
    "description": "Citron Jaune - Acide, Rafraîchissant etPlein de FraîcheurLe citron jaune est un agrume incontournable, réputé pour son goût acidulé et sa richesse en vitamine C. Sa pulpe juteuse et son zeste parfumé apportent une touche de fraîcheur à vos plats, boissons et desserts. Riche en antioxydants, le citron jaune est idéal pour booster l'immunité et parfumer vos recettes avec éclat.Parfait dans les sauces, les salades, les boissons comme la limonade, ou pour ajouter une note acidulée à vos pâtisseries, le citron jaune est un allié de choix en cuisine.",
    "variants": [
      {
        "variant_id": "24CA972B-8B37-4FA4-8C9F-88B923BDD904",
        "variant_name": "500g",
        "price_cents": 245,
        "price_eur": 2.45,
        "unit_type": "weight",
        "grams": 500,
        "price_per_kg": 4.9,
        "options": [
          {
            "name": "Poids",
            "value": "500g"
          }
        ]
      },
      {
        "variant_id": "abd71448-3de5-4abd-82f3-ce7790835a26",
        "variant_name": "1 kg",
        "price_cents": 490,
        "price_eur": 4.9,
        "unit_type": "weight",
        "grams": 1000,
        "price_per_kg": 4.9,
        "options": [
          {
            "name": "Poids",
            "value": "1 kg"
          }
        ]
      }
    ],
    "rawVariantsExist": true,
    "category": "Argumes"
  },
  {
    "url": "https://lesdelicesduverger.com/article/citron-jaune-bio",
    "title": "Citron jaune bio",
    "image": "\n                https://images.sumup.com/img_5A94R8JMTY910VWNG9EQD49K44/image.png",
    "description": "Le citron jaune bio est un agrume vibrant et lumineux, de forme ovale, avec une peau lisse ou légèrement rugueuse d'un jaune éclatant. Cultivé sans pesticides ni produits chimiques de synthèse, il conserve toute sa richesse naturelle. Sa chair, juteuse et acidulée, est particulièrement parfumée, offrant un équilibre entre fraîcheur intense et une légère douceur. Le citron bio est également reconnu pour sa forte teneur en vitamine C, ses antioxydants, et ses huiles essentielles présentes surtout dans son zeste. Utilisé aussi bien en cuisine sucrée que salée, en boisson ou en soin naturel, il est apprécié pour ses qualités gustatives et ses bienfaits santé.",
    "variants": [
      {
        "variant_id": "B5857194-4F05-4BAD-B268-BC9B8628F05B",
        "variant_name": "500g",
        "price_cents": 395,
        "price_eur": 3.95,
        "unit_type": "weight",
        "grams": 500,
        "price_per_kg": 7.9,
        "options": [
          {
            "name": "Poids",
            "value": "500g"
          }
        ]
      },
      {
        "variant_id": "174d875b-7e74-427d-b537-df015b6ad4ec",
        "variant_name": "1kg",
        "price_cents": 690,
        "price_eur": 6.9,
        "unit_type": "weight",
        "grams": 1000,
        "price_per_kg": 6.9,
        "options": [
          {
            "name": "Poids",
            "value": "1kg"
          }
        ]
      }
    ],
    "rawVariantsExist": true,
    "category": "Argumes"
  },
  {
    "url": "https://lesdelicesduverger.com/article/citron-vert",
    "title": "Citron vert",
    "image": "\n                https://images.sumup.com/img_7F802RGTB68EZV8BBW0AQ4EESH/image.png",
    "description": "Citron Vert du Mexique – L’intensité du soleil dans chaque goutteLe citron vert du Mexique, aussi appelé lime mexicaine (ou Key Lime), est reconnu pour son arôme puissant, sa saveur acidulée et sa richesse en jus. Plus petit que les citrons verts classiques, il se distingue par une peau fine, une chair juteuse et un parfum vif et rafraîchissant.",
    "variants": [
      {
        "variant_id": "e73e705a-8db4-4afc-a7e2-d73bc9c99d44",
        "variant_name": "250g",
        "price_cents": 245,
        "price_eur": 2.45,
        "unit_type": "weight",
        "grams": 250,
        "price_per_kg": 9.8,
        "options": [
          {
            "name": "Poids",
            "value": "250g"
          }
        ]
      },
      {
        "variant_id": "099CBCFF-41D5-494E-889C-9985735F0DA3",
        "variant_name": "500g",
        "price_cents": 490,
        "price_eur": 4.9,
        "unit_type": "weight",
        "grams": 500,
        "price_per_kg": 9.8,
        "options": [
          {
            "name": "Poids",
            "value": "500g"
          }
        ]
      }
    ],
    "rawVariantsExist": true,
    "category": "Argumes"
  },
  {
    "url": "https://lesdelicesduverger.com/article/clementine-socculete",
    "title": "Clémentine socculete",
    "image": "\n                https://images.sumup.com/img_251PTDWMGM96STVQFFZ8B2241Q/image.png",
    "description": "Clémentine Extra - Douce, Juteuse et Facile à ÉplucherLa clémentine extra se distingue par sa peau fine, sa chair sans pépins et son goût sucré parfaitement équilibré. Gorgée de jus et de soleil, elle est idéale pour les petites pauses vitaminées. Riche en vitamine C, en fibres et en antioxydants, elle soutient l'immunité tout en régalant les papilles.Parfaite à déguster nature, en jus ou dans des desserts fruités, la clémentine extra est le fruit de l'hiver par excellence : savoureux, pratique et plein de fraîcheur.",
    "variants": [
      {
        "variant_id": "55B2A059-6D52-4A87-98AA-00AA15607A2E",
        "variant_name": "500g",
        "price_cents": 395,
        "price_eur": 3.95,
        "unit_type": "weight",
        "grams": 500,
        "price_per_kg": 7.9,
        "options": [
          {
            "name": "Poids",
            "value": "500g"
          }
        ]
      },
      {
        "variant_id": "704484d2-a49d-43f5-ae7f-47bd84dbeb02",
        "variant_name": "1 kg",
        "price_cents": 790,
        "price_eur": 7.9,
        "unit_type": "weight",
        "grams": 1000,
        "price_per_kg": 7.9,
        "options": [
          {
            "name": "Poids",
            "value": "1 kg"
          }
        ]
      }
    ],
    "rawVariantsExist": true,
    "category": "Argumes"
  },
  {
    "url": "https://lesdelicesduverger.com/article/orange-sanguine",
    "title": "Orange sanguine",
    "image": "\n                https://images.sumup.com/img_4XE125C96J93387NMM7VBSHWRZ/image.png",
    "description": "Orange Sanguine - Intense, Colorée etPleine de CaractèreL'orange sanguine séduit par sa chair rouge rubis, sa saveur douce légèrement acidulée et ses arômes uniques. Riche en vitamine C, en antioxydants et en anthocyanes (pigments naturels aux nombreux bienfaits), elle est idéale pour allier plaisir et santé.Délicieuse en jus, en salade de fruits, en pâtisserie ou en accompagnement de plats salés, l'orange sanguine apporte couleur, fraîcheur et intensité à toutes vos recettes.",
    "variants": [
      {
        "variant_id": "10FD2073-000E-44B5-8294-3428B00FF85C",
        "variant_name": "500g",
        "price_cents": 295,
        "price_eur": 2.95,
        "unit_type": "weight",
        "grams": 500,
        "price_per_kg": 5.9,
        "options": [
          {
            "name": "Poids",
            "value": "500g"
          }
        ]
      },
      {
        "variant_id": "bc9f6a65-ce72-4ecb-a14d-c323723b44ec",
        "variant_name": "1 kg",
        "price_cents": 590,
        "price_eur": 5.9,
        "unit_type": "weight",
        "grams": 1000,
        "price_per_kg": 5.9,
        "options": [
          {
            "name": "Poids",
            "value": "1 kg"
          }
        ]
      }
    ],
    "rawVariantsExist": true,
    "category": "Argumes"
  },
  {
    "url": "https://lesdelicesduverger.com/article/orange-succulente",
    "title": "Orange succulente",
    "image": "\n                https://images.sumup.com/img_5AXB8KJ8E09G1T2B80DQCRRK5J/image.png",
    "description": "Orange de Table - Sucrée, Pulpeuse et Parfaite à CroquerL'orange de table est sélectionnée pour sa chair juteuse, douce et peu acide, idéale à déguster telle quelle. Sa peau fine et sa saveur équilibrée en font un fruit gourmand et rafraîchissant, riche en vitamine C, en fibres et en antioxydants.À savourer nature, en salade de fruits ou en encas sain, l'orange de table est parfaite pour faire le plein d'énergie au quotidien.",
    "variants": [
      {
        "variant_id": "E479FDB0-DF96-4B2E-B062-476867EAA592",
        "variant_name": "500g",
        "price_cents": 295,
        "price_eur": 2.95,
        "unit_type": "weight",
        "grams": 500,
        "price_per_kg": 5.9,
        "options": [
          {
            "name": "Poids",
            "value": "500g"
          }
        ]
      },
      {
        "variant_id": "fb4c1c4c-71e7-476f-bb64-cace4c30c3a0",
        "variant_name": "1 kg",
        "price_cents": 590,
        "price_eur": 5.9,
        "unit_type": "weight",
        "grams": 1000,
        "price_per_kg": 5.9,
        "options": [
          {
            "name": "Poids",
            "value": "1 kg"
          }
        ]
      }
    ],
    "rawVariantsExist": true,
    "category": "Argumes"
  },
  {
    "url": "https://lesdelicesduverger.com/article/pamplemousse",
    "title": "Pamplemousse",
    "image": "\n                https://images.sumup.com/img_46F5HWSWHZ8KDSCMMZ5VZ5GTD5/image.png",
    "description": "Pamplemousse - Rafraîchissant, Tonique et Plein de VitalitéLe pamplemousse est un agrume généreux, apprécié pour sa chair juteuse, son goût subtilement acidulé et légèrement amer. Riche en vitamine C, en antioxydants et en fibres, il est parfait pour dynamiser vos journées et renforcer votre bien-être.À savourer frais, en jus, en salade ou en accompagnement de plats sucrés-salés, le pamplemousse apporte une touche de fraîcheur et de tonus à toutes vos envies.",
    "variants": [
      {
        "variant_id": "25159490-8099-43BB-BC4C-C564770116C9",
        "variant_name": null,
        "price_cents": 195,
        "price_eur": 1.95,
        "unit_type": "unknown",
        "grams": null,
        "price_per_kg": null,
        "options": []
      }
    ],
    "rawVariantsExist": true,
    "category": "Argumes"
  },
  {
    "url": "https://lesdelicesduverger.com/article/corbeille-de-fruits",
    "title": "Corbeille de fruits",
    "image": "",
    "description": "",
    "variants": [
      {
        "variant_id": "024343F3-E02B-4051-BA0D-7B70802C8F99",
        "variant_name": null,
        "price_cents": 9878,
        "price_eur": 98.78,
        "unit_type": "unknown",
        "grams": null,
        "price_per_kg": null,
        "options": []
      }
    ],
    "rawVariantsExist": true,
    "category": "Corbeille de fruit"
  },
  {
    "url": "https://lesdelicesduverger.com/article/anchois-76g",
    "title": "Anchois (76g)",
    "image": "\n                https://images.sumup.com/img_0G9KT9NWSV9SHBFYZA43TFQKCY/image.png",
    "description": "",
    "variants": [
      {
        "variant_id": "B36F606C-6CB4-4CE9-B4CC-1D120E3DC271",
        "variant_name": null,
        "price_cents": 598,
        "price_eur": 5.98,
        "unit_type": "unknown",
        "grams": null,
        "price_per_kg": null,
        "options": []
      }
    ],
    "rawVariantsExist": true,
    "category": "Épicerie Fine"
  },
  {
    "url": "https://lesdelicesduverger.com/article/asperges-200g",
    "title": "Asperges (200g)",
    "image": "\n                https://images.sumup.com/img_0PYN0X0XNW8SDTMQC25BK405XQ/image.png",
    "description": "Commencez par laver et couper les extrémités dures des asperges (environ500 g). Ensuite, placez-les dans un panier vapeur ou une passoire, et faites-les cuire à la vapeur pendant environ 5 à 7 minutes, jusqu'à ce qu'elles soient tendres mais encore croquantes. Si vous n'avez pas de panier vapeur, vous pouvez les cuire dans une grande casserole d'eau bouillante salée pendant le même temps. Une fois cuites, égouttez les asperges et arrosez-les d'un peu d'huile d'olive ou de beurre fondu. Assaisonnez avec du sel, du poivre et un filet de jus de citron pour apporter de la fraîcheur. Pour une touche supplémentaire, vous pouvez aussi saupoudrer les asperges de parmesan râpé avant de servir. C'est un plat léger et savoureux à déguster chaud ou tiède.",
    "variants": [
      {
        "variant_id": "090EB192-C4F0-44D7-8E9E-0536DFF5A6CA",
        "variant_name": null,
        "price_cents": 695,
        "price_eur": 6.95,
        "unit_type": "unknown",
        "grams": null,
        "price_per_kg": null,
        "options": []
      }
    ],
    "rawVariantsExist": true,
    "category": "Épicerie Fine"
  },
  {
    "url": "https://lesdelicesduverger.com/article/beurre-echire",
    "title": "Beurre ÉCHIRÉ",
    "image": "\n                https://images.sumup.com/img_1TRVJBK8859YXV1Q3A7ZZAE5PR/image.png",
    "description": "",
    "variants": [
      {
        "variant_id": "E41C2FE6-B15E-4C67-8040-693DAA45A444",
        "variant_name": "Beurre doux",
        "price_cents": 495,
        "price_eur": 4.95,
        "unit_type": "unknown",
        "grams": null,
        "price_per_kg": null,
        "options": [
          {
            "name": "Nos variétés ",
            "value": "Beurre doux"
          }
        ]
      },
      {
        "variant_id": "4f926b31-c9e9-4baa-8e13-11686c862a2d",
        "variant_name": "Beurre demi-sel ",
        "price_cents": 495,
        "price_eur": 4.95,
        "unit_type": "unknown",
        "grams": null,
        "price_per_kg": null,
        "options": [
          {
            "name": "Nos variétés ",
            "value": "Beurre demi-sel "
          }
        ]
      }
    ],
    "rawVariantsExist": true,
    "category": "Épicerie Fine"
  },
  {
    "url": "https://lesdelicesduverger.com/article/biscottes-artisanales",
    "title": "Biscottes artisanales",
    "image": "\n                https://images.sumup.com/img_4YKN5JW3ZV8BHA0JMK76X94R2A/image.png",
    "description": "Biscotte Artisanale La Chanteracoise 370g – Tradition et croustillant à la françaiseÉlaborées avec soin dans la dernière biscotterie artisanale de France, les biscottes La Chanteracoise sont le fruit d’un savoir-faire unique et d’une recette authentique. Cuites lentement selon un procédé traditionnel, elles offrent une texture à la fois légère et croustillante, sans amertume ni excès de sucre.",
    "variants": [
      {
        "variant_id": "A3796CDF-E0DC-4BDA-A113-F7F55B67ABC8",
        "variant_name": "sans sucre ajouté ",
        "price_cents": 695,
        "price_eur": 6.95,
        "unit_type": "unknown",
        "grams": null,
        "price_per_kg": null,
        "options": [
          {
            "name": "Type",
            "value": "sans sucre ajouté "
          }
        ]
      },
      {
        "variant_id": "10bd9d2d-0a8b-4022-aac6-8961363bfb75",
        "variant_name": "Authentique ",
        "price_cents": 695,
        "price_eur": 6.95,
        "unit_type": "unknown",
        "grams": null,
        "price_per_kg": null,
        "options": [
          {
            "name": "Type",
            "value": "Authentique "
          }
        ]
      }
    ],
    "rawVariantsExist": true,
    "category": "Épicerie Fine"
  },
  {
    "url": "https://lesdelicesduverger.com/article/boissons-traditionnelles-gazeifiee-aux-aromes-de-mandarine-75cl",
    "title": "Boissons Traditionnelles Gazéifiée aux arômes de Mandarine (75cl)",
    "image": "\n                https://images.sumup.com/img_0BFWANNSF58J69D905205HGA93/image.png",
    "description": "",
    "variants": [
      {
        "variant_id": "66A19900-6CFE-408C-B593-B92366972171",
        "variant_name": null,
        "price_cents": 595,
        "price_eur": 5.95,
        "unit_type": "unknown",
        "grams": null,
        "price_per_kg": null,
        "options": []
      }
    ],
    "rawVariantsExist": true,
    "category": "Épicerie Fine"
  },
  {
    "url": "https://lesdelicesduverger.com/article/boisson-traditionnelle-gazeifiee-aux-aromes-de-citron-75cl",
    "title": "Boisson Traditionnelle Gazéifiée aux arômes de citron (75cl)",
    "image": "\n                https://images.sumup.com/img_2JYP8Z8TGW9QSTTC5A6FV9KFD7/image.png",
    "description": "",
    "variants": [
      {
        "variant_id": "22418487-1ACB-43BD-B0E5-A1C7FC4930DA",
        "variant_name": null,
        "price_cents": 595,
        "price_eur": 5.95,
        "unit_type": "unknown",
        "grams": null,
        "price_per_kg": null,
        "options": []
      }
    ],
    "rawVariantsExist": true,
    "category": "Épicerie Fine"
  },
  {
    "url": "https://lesdelicesduverger.com/article/boisson-traditionnelle-gazeifiee-aux-aromes-de-fruits-de-bois-75cl",
    "title": "Boisson Traditionnelle gazéifiée aux arômes de fruits de bois(75cl)",
    "image": "\n                https://images.sumup.com/img_3H84G28C599ZVASRMWXXXWMERE/image.png",
    "description": "",
    "variants": [
      {
        "variant_id": "B029DE15-3170-4C78-B043-E727C9A9F77D",
        "variant_name": null,
        "price_cents": 595,
        "price_eur": 5.95,
        "unit_type": "unknown",
        "grams": null,
        "price_per_kg": null,
        "options": []
      }
    ],
    "rawVariantsExist": true,
    "category": "Épicerie Fine"
  },
  {
    "url": "https://lesdelicesduverger.com/article/boisson-traditionnelle-gazeifiee-aux-aromes-de-litchi-75cl",
    "title": "Boisson traditionnelle gazéifiée aux arômes de Litchi (75cl)",
    "image": "\n                https://images.sumup.com/img_71YXNSYHQY85Q9HDPJCKGC0YX0/image.png",
    "description": "",
    "variants": [
      {
        "variant_id": "6A8C56FA-6D06-4A0A-AB19-B9583AC91E98",
        "variant_name": null,
        "price_cents": 595,
        "price_eur": 5.95,
        "unit_type": "unknown",
        "grams": null,
        "price_per_kg": null,
        "options": []
      }
    ],
    "rawVariantsExist": true,
    "category": "Épicerie Fine"
  },
  {
    "url": "https://lesdelicesduverger.com/article/boisson-traditionnelle-gazeifies-aux-aromes-de-peche-abricot-75cl",
    "title": "Boisson Traditionnelle Gazéifiés aux arômes de Pêche Abricot (75cl)",
    "image": "\n                https://images.sumup.com/img_4S2648XFDR9CPBXYNF15YTPX9H/image.png",
    "description": "",
    "variants": [
      {
        "variant_id": "95C1F304-B19D-4C30-B30A-F2592865F866",
        "variant_name": null,
        "price_cents": 595,
        "price_eur": 5.95,
        "unit_type": "unknown",
        "grams": null,
        "price_per_kg": null,
        "options": []
      }
    ],
    "rawVariantsExist": true,
    "category": "Épicerie Fine"
  },
  {
    "url": "https://lesdelicesduverger.com/article/bolero",
    "title": "Bolero",
    "image": "\n                https://images.sumup.com/img_3N2JCGXQVB9WWAFG29C2H9D9YS/image.png",
    "description": "Ces sticks croquants à tremper dans le café sont la touche parfaite pour sublimer votre pause café ou thé. Fins, légèrement sucrés et dorés à souhait, ils fondent délicatement en bouche lorsqu’ils sont trempés dans une boisson chaude, révélant toute leur douceur.",
    "variants": [
      {
        "variant_id": "C3099278-A253-4E8C-9922-1B4FDCD7F4A0",
        "variant_name": null,
        "price_cents": 695,
        "price_eur": 6.95,
        "unit_type": "unknown",
        "grams": null,
        "price_per_kg": null,
        "options": []
      }
    ],
    "rawVariantsExist": true,
    "category": "Épicerie Fine"
  },
  {
    "url": "https://lesdelicesduverger.com/article/bretzels-sales",
    "title": "Bretzels salés",
    "image": "\n                https://images.sumup.com/img_2TVGN0ZW9Z877VYW8T0CVHMY9X/image.png",
    "description": "Bretzels Salés 100g – Le snack croustillant à savourer à tout momentCes bretzels salés au format 100g sont le compagnon parfait pour vos pauses gourmandes. Légers, croustillants et délicatement saupoudrés de gros sel, ils offrent un équilibre parfait entre texture croquante et goût savoureux.",
    "variants": [
      {
        "variant_id": "0A80755C-6759-46C6-8D23-C7308109D965",
        "variant_name": null,
        "price_cents": 395,
        "price_eur": 3.95,
        "unit_type": "unknown",
        "grams": null,
        "price_per_kg": null,
        "options": []
      }
    ],
    "rawVariantsExist": true,
    "category": "Épicerie Fine"
  },
  {
    "url": "https://lesdelicesduverger.com/article/cake-a-l-ecorce-d-orange",
    "title": "Cake à l’écorce d’orange",
    "image": "\n                https://images.sumup.com/img_286XERF9V69EQ845XG718WZW32/image.png",
    "description": "Cake à l’écorce d’orange 325g – Moelleux, fruité, irrésistibleSavourez la douceur de ce cake à l’écorce d’orange, un gâteau généreux de 325g, idéal pour toutes les pauses gourmandes. Préparé avec soin, il marie la tendresse d’une pâte moelleuse à l’intensité parfumée des écorces d’orange confites, pour une explosion de saveurs à chaque tranche.",
    "variants": [
      {
        "variant_id": "DF141EDF-4793-4052-9745-CC8A5F85FA18",
        "variant_name": null,
        "price_cents": 695,
        "price_eur": 6.95,
        "unit_type": "unknown",
        "grams": null,
        "price_per_kg": null,
        "options": []
      }
    ],
    "rawVariantsExist": true,
    "category": "Épicerie Fine"
  },
  {
    "url": "https://lesdelicesduverger.com/article/chips-au-sel-de-guerande",
    "title": "Chips au sel de guérande",
    "image": "\n                https://images.sumup.com/img_4JSHVDBXX29EZTC2VMKAZF745C/image.png",
    "description": "Chips au Sel de Guérande 200g – Authentiques et croustillantesCraquez pour ces chips artisanales au sel de Guérande, finement dorées et délicieusement croustillantes. Préparées à partir de pommes de terre soigneusement sélectionnées, elles sont assaisonnées avec du véritable sel marin de Guérande, reconnu pour sa richesse en minéraux et son goût subtil.",
    "variants": [
      {
        "variant_id": "3D73AE09-63F1-4043-AA85-70FE5178A0B3",
        "variant_name": null,
        "price_cents": 495,
        "price_eur": 4.95,
        "unit_type": "unknown",
        "grams": null,
        "price_per_kg": null,
        "options": []
      }
    ],
    "rawVariantsExist": true,
    "category": "Épicerie Fine"
  },
  {
    "url": "https://lesdelicesduverger.com/article/chips-de-legumes-200g",
    "title": "Chips de légumes (200g)",
    "image": "\n                https://images.sumup.com/img_3FP7GAC5RY98VTCNKQCCGKZYYY/image.png",
    "description": "",
    "variants": [
      {
        "variant_id": "564AEB16-10EC-4C41-8500-49BF1B228B36",
        "variant_name": null,
        "price_cents": 580,
        "price_eur": 5.8,
        "unit_type": "unknown",
        "grams": null,
        "price_per_kg": null,
        "options": []
      }
    ],
    "rawVariantsExist": true,
    "category": "Épicerie Fine"
  },
  {
    "url": "https://lesdelicesduverger.com/article/compote-pomme-poire-jean-d-audignac",
    "title": "Compote pomme poire Jean d’Audignac",
    "image": "\n                https://images.sumup.com/img_4B2RP9QNFG9QWRVP6MTSFTYDA5/image.png",
    "description": "",
    "variants": [
      {
        "variant_id": "41E5AB3F-2018-4038-B9FE-68FF4EF33CA9",
        "variant_name": null,
        "price_cents": 400,
        "price_eur": 4,
        "unit_type": "unknown",
        "grams": null,
        "price_per_kg": null,
        "options": []
      }
    ],
    "rawVariantsExist": true,
    "category": "Épicerie Fine"
  },
  {
    "url": "https://lesdelicesduverger.com/article/confit-jean-d-audignac",
    "title": "Confit Jean d’Audignac",
    "image": "\n                https://images.sumup.com/img_0PQ018581P9SE9GK00N8YR7R3R/image.png",
    "description": "",
    "variants": [
      {
        "variant_id": "EBE187E0-C025-45C3-B32A-602A06F71C31",
        "variant_name": "Confit de figues",
        "price_cents": 495,
        "price_eur": 4.95,
        "unit_type": "unknown",
        "grams": null,
        "price_per_kg": null,
        "options": [
          {
            "name": "Nos variétés ",
            "value": "Confit de figues"
          }
        ]
      },
      {
        "variant_id": "e114e4e5-982d-4cc8-ada0-2a9335aab5b6",
        "variant_name": "Confit d’oignons ",
        "price_cents": 495,
        "price_eur": 4.95,
        "unit_type": "unknown",
        "grams": null,
        "price_per_kg": null,
        "options": [
          {
            "name": "Nos variétés ",
            "value": "Confit d’oignons "
          }
        ]
      }
    ],
    "rawVariantsExist": true,
    "category": "Épicerie Fine"
  },
  {
    "url": "https://lesdelicesduverger.com/article/confiture-d-abricot",
    "title": "Confiture d’abricot",
    "image": "\n                https://images.sumup.com/img_52YC5QYWTM9CPAVRTCH9EZF91T/image.png",
    "description": "Confiture d’Abricot Jean d’Audignac – Soleil en pot et douceur fruitéeLa Confiture d’Abricot Jean d’Audignac est élaborée à partir d’abricots soigneusement sélectionnés pour leur chair juteuse et leur goût naturellement sucré. Sa cuisson douce préserve la richesse aromatique du fruit et offre une texture onctueuse, avec de délicats morceaux fondants.",
    "variants": [
      {
        "variant_id": "1A7BFA5E-FA76-4DC8-9F55-6BE9588D7249",
        "variant_name": null,
        "price_cents": 590,
        "price_eur": 5.9,
        "unit_type": "unknown",
        "grams": null,
        "price_per_kg": null,
        "options": []
      }
    ],
    "rawVariantsExist": true,
    "category": "Épicerie Fine"
  },
  {
    "url": "https://lesdelicesduverger.com/article/confiture-de-fraises",
    "title": "Confiture de fraises",
    "image": "\n                https://images.sumup.com/img_0EV141V80599QTFKFA5Q33HR68/image.png",
    "description": "Confiture de Fraise Jean d’Audignac – La douceur intemporelle du fruit rougeLa Confiture de Fraise Jean d’Audignac est une véritable invitation à la gourmandise. Préparée avec des fraises cueillies à pleine maturité, elle révèle une saveur fruitée et légèrement acidulée, sublimée par une cuisson lente qui conserve la texture et le parfum du fruit.",
    "variants": [
      {
        "variant_id": "B41184AA-25AC-4DA0-A9D9-458B84F9534F",
        "variant_name": null,
        "price_cents": 590,
        "price_eur": 5.9,
        "unit_type": "unknown",
        "grams": null,
        "price_per_kg": null,
        "options": []
      }
    ],
    "rawVariantsExist": true,
    "category": "Épicerie Fine"
  },
  {
    "url": "https://lesdelicesduverger.com/article/confiture-de-mirabelle",
    "title": "Confiture de mirabelle",
    "image": "\n                https://images.sumup.com/img_3MF2NWBXGZ91E8T7ZW1SYGQ8HW/image.png",
    "description": "Confiture de Mirabelle Jean d’Audignac – Une recette authentique aux fruits dorésLa Confiture de Mirabelle Jean d’Audignac est élaborée selon une recette traditionnelle, mettant à l’honneur les mirabelles, ces petits fruits dorés au goût délicat et sucré. Cueillies à maturité, elles sont lentement confites pour préserver toute leur saveur et leur parfum.",
    "variants": [
      {
        "variant_id": "8A077811-AACE-4817-A313-27D45D6F27E0",
        "variant_name": null,
        "price_cents": 590,
        "price_eur": 5.9,
        "unit_type": "unknown",
        "grams": null,
        "price_per_kg": null,
        "options": []
      }
    ],
    "rawVariantsExist": true,
    "category": "Épicerie Fine"
  },
  {
    "url": "https://lesdelicesduverger.com/article/cookies-a-l-avoine",
    "title": "Cookies à l’avoine",
    "image": "\n                https://images.sumup.com/img_6SYJEBC767980B9C80D3B23ETX/image.png",
    "description": "Cookies à l’Avoine 300g – Gourmands, rustiques et pleins de caractèreCes cookies à l’avoine allient le croustillant d’un biscuit généreux à la douceur naturelle des flocons d’avoine. Parfaits pour une pause gourmande et rassasiante, ils offrent une texture légèrement granuleuse et un goût authentique, parfois enrichi de pépites de chocolat, de fruits secs ou d’épices selon la recette.",
    "variants": [
      {
        "variant_id": "0112294E-339C-4605-AD37-44621080CEFF",
        "variant_name": null,
        "price_cents": 595,
        "price_eur": 5.95,
        "unit_type": "unknown",
        "grams": null,
        "price_per_kg": null,
        "options": []
      }
    ],
    "rawVariantsExist": true,
    "category": "Épicerie Fine"
  },
  {
    "url": "https://lesdelicesduverger.com/article/coulis-jean-d-audignac",
    "title": "Coulis Jean d’Audignac",
    "image": "\n                https://images.sumup.com/img_10YDABJ0V298W8QM8D8W0CBD44/image.png",
    "description": "",
    "variants": [
      {
        "variant_id": "F2D9BE1E-BBAB-4D17-A4FE-26F4F64D6233",
        "variant_name": "Coulis d’abricot ",
        "price_cents": 495,
        "price_eur": 4.95,
        "unit_type": "unknown",
        "grams": null,
        "price_per_kg": null,
        "options": [
          {
            "name": "Nos variétés ",
            "value": "Coulis d’abricot "
          }
        ]
      },
      {
        "variant_id": "c60cffef-bae9-4bf5-9a2d-5166fcfd463f",
        "variant_name": "Coulis 4 fruits rouges",
        "price_cents": 495,
        "price_eur": 4.95,
        "unit_type": "unknown",
        "grams": null,
        "price_per_kg": null,
        "options": [
          {
            "name": "Nos variétés ",
            "value": "Coulis 4 fruits rouges"
          }
        ]
      }
    ],
    "rawVariantsExist": true,
    "category": "Épicerie Fine"
  },
  {
    "url": "https://lesdelicesduverger.com/article/crabe-royal-de-l-antarctique-chatka",
    "title": "Crabe royal de l’antarctique chatka",
    "image": "\n                https://images.sumup.com/img_714W00WDZ09T5T39GKH8Q8NXWW/image.png",
    "description": "",
    "variants": [
      {
        "variant_id": "5893440B-5D33-4BED-B768-C670CC30A463",
        "variant_name": null,
        "price_cents": 3995,
        "price_eur": 39.95,
        "unit_type": "unknown",
        "grams": null,
        "price_per_kg": null,
        "options": []
      }
    ],
    "rawVariantsExist": true,
    "category": "Épicerie Fine"
  },
  {
    "url": "https://lesdelicesduverger.com/article/creme-fouettee-a-la-vanille",
    "title": "Crème fouettée à la vanille",
    "image": "\n                https://images.sumup.com/img_3EWSAKWC0381BVYJC52MYFZN71/image.png",
    "description": "",
    "variants": [
      {
        "variant_id": "7538F2C6-78F2-40D2-A21B-B498FCAF3CEF",
        "variant_name": null,
        "price_cents": 495,
        "price_eur": 4.95,
        "unit_type": "unknown",
        "grams": null,
        "price_per_kg": null,
        "options": []
      }
    ],
    "rawVariantsExist": true,
    "category": "Épicerie Fine"
  },
  {
    "url": "https://lesdelicesduverger.com/article/epinards-420g",
    "title": "Épinards (420g)",
    "image": "\n                https://images.sumup.com/img_2FWREC55T192SAEWPY2FNRK1V2/image.png",
    "description": "Pour préparer des épinards sautés à l'ail, commencez par laver soigneusement 500 g d'épinards frais afin d'éliminer toute saleté, puis égouttez-les. Faites chauffer deux cuillères à soupe d'huile d'olive dans une grande poêle à feu moyen. Ajoutez ensuite deux gousses d'ail émincées et faites-les revenir jusqu'à ce qu'elles soient légèrement dorées. Incorporez les épinards dans la poêle, en les faisant sauter pendant 3 à 5 minutes jusqu'à ce qu'ils soient bien fondus et tendres.Assaisonnez avec du sel, du poivre et, si vous le souhaitez, un peu de noix de muscade râpée pour ajouter une touche de saveur. Servez chaud, et c'est prêt!",
    "variants": [
      {
        "variant_id": "40BE40D2-B34C-4427-9114-C4697BCD5944",
        "variant_name": null,
        "price_cents": 595,
        "price_eur": 5.95,
        "unit_type": "unknown",
        "grams": null,
        "price_per_kg": null,
        "options": []
      }
    ],
    "rawVariantsExist": true,
    "category": "Épicerie Fine"
  },
  {
    "url": "https://lesdelicesduverger.com/article/extrait-naturelle-spray",
    "title": "Extrait naturelle (spray)",
    "image": "\n                https://images.sumup.com/img_37R9MCCXHV8129MZ8H268652GD/image.png",
    "description": "sans arôme ni conservateur idéal pour tous les repas",
    "variants": [
      {
        "variant_id": "AD48E908-EA68-42D5-838F-85EFDCCC4280",
        "variant_name": "Ail",
        "price_cents": 495,
        "price_eur": 4.95,
        "unit_type": "unknown",
        "grams": null,
        "price_per_kg": null,
        "options": [
          {
            "name": "Nos variétés ",
            "value": "Ail"
          }
        ]
      },
      {
        "variant_id": "1b66a6f9-3105-4dd8-9791-06a33f424990",
        "variant_name": "Basilic ",
        "price_cents": 495,
        "price_eur": 4.95,
        "unit_type": "unknown",
        "grams": null,
        "price_per_kg": null,
        "options": [
          {
            "name": "Nos variétés ",
            "value": "Basilic "
          }
        ]
      },
      {
        "variant_id": "16bfab82-bc6e-4bce-a23d-09d78051cc80",
        "variant_name": "Piment ",
        "price_cents": 0,
        "price_eur": 0,
        "unit_type": "unknown",
        "grams": null,
        "price_per_kg": null,
        "options": [
          {
            "name": "Nos variétés ",
            "value": "Piment "
          }
        ]
      }
    ],
    "rawVariantsExist": true,
    "category": "Épicerie Fine"
  },
  {
    "url": "https://lesdelicesduverger.com/article/feuillete-aux-choix",
    "title": "Feuilleté aux choix",
    "image": "\n                https://images.sumup.com/img_70C6AVWX7T9RG8CAZ45XD6A66F/image.png",
    "description": "",
    "variants": [
      {
        "variant_id": "DE27B101-0455-41BF-A788-7B67B3206F0B",
        "variant_name": "Fourme/ chorizo ",
        "price_cents": 495,
        "price_eur": 4.95,
        "unit_type": "unknown",
        "grams": null,
        "price_per_kg": null,
        "options": [
          {
            "name": "Les variétés ",
            "value": "Fourme/ chorizo "
          }
        ]
      },
      {
        "variant_id": "91d28503-9872-43c8-a437-503434c650e2",
        "variant_name": "Chèvre miel",
        "price_cents": 495,
        "price_eur": 4.95,
        "unit_type": "unknown",
        "grams": null,
        "price_per_kg": null,
        "options": [
          {
            "name": "Les variétés ",
            "value": "Chèvre miel"
          }
        ]
      },
      {
        "variant_id": "c081cbe8-3546-4f3b-aac8-0e3d626a1ac1",
        "variant_name": "Jambon emmental ",
        "price_cents": 495,
        "price_eur": 4.95,
        "unit_type": "unknown",
        "grams": null,
        "price_per_kg": null,
        "options": [
          {
            "name": "Les variétés ",
            "value": "Jambon emmental "
          }
        ]
      }
    ],
    "rawVariantsExist": true,
    "category": "Épicerie Fine"
  },
  {
    "url": "https://lesdelicesduverger.com/article/filets-de-hareng-fumes-richter",
    "title": "Filets de Hareng fumés Richter",
    "image": "\n                https://images.sumup.com/img_50ZJ7FRYQW8RV9J0XHW0W0ENFF/image.png",
    "description": "Filets de Hareng fumés Richter - à l'huile de colzaDécouvrez les filets de hareng fumésRichter, un produit authentique et savoureux, élaboré à partir de poissons certifiés MSC (pêche durable).Fumés selon des méthodes traditionnelles, ces filets offrent une texture fondante et un goût délicatement boisé, sublimés par une conservation à l'huile de colza et leur propre jus naturel.",
    "variants": [
      {
        "variant_id": "14733414-F614-46A6-9FAA-5A47996A171D",
        "variant_name": null,
        "price_cents": 495,
        "price_eur": 4.95,
        "unit_type": "unknown",
        "grams": null,
        "price_per_kg": null,
        "options": []
      }
    ],
    "rawVariantsExist": true,
    "category": "Épicerie Fine"
  },
  {
    "url": "https://lesdelicesduverger.com/article/filets-de-thon-tonnara",
    "title": "Filets de Thon Tonnara",
    "image": "\n                https://images.sumup.com/img_1FM2ZS7BYM9X8S78JK09GEPW1P/image.png",
    "description": "Filet de Thon Tannara - Qualité supérieureDécouvrez l'excellence des filets de thonTannara, soigneusement sélectionnés et préparés pour préserver toute la richesse de leur goût naturel. Pêché et mis en conserve avec soin, ce thon offre une texture tendre et des saveurs authentiques, parfait pour accompagner vos salades, sandwiches ou plats cuisinés.",
    "variants": [
      {
        "variant_id": "4272BB55-AAB3-4CAB-9DDC-E87D66BABC08",
        "variant_name": null,
        "price_cents": 995,
        "price_eur": 9.95,
        "unit_type": "unknown",
        "grams": null,
        "price_per_kg": null,
        "options": []
      }
    ],
    "rawVariantsExist": true,
    "category": "Épicerie Fine"
  },
  {
    "url": "https://lesdelicesduverger.com/article/foie-gras-de-canard-du-sud-ouest-mi-cuit",
    "title": "Foie gras de canard du sud-ouest mi-cuit",
    "image": "\n                https://images.sumup.com/img_4CVC7Z1BNG8HRVDSKFVZDNSKFX/image.png",
    "description": "",
    "variants": [
      {
        "variant_id": "F35107B3-106D-4727-9B0C-2A87B7F5C4BA",
        "variant_name": null,
        "price_cents": 4400,
        "price_eur": 44,
        "unit_type": "unknown",
        "grams": null,
        "price_per_kg": null,
        "options": []
      }
    ],
    "rawVariantsExist": true,
    "category": "Épicerie Fine"
  },
  {
    "url": "https://lesdelicesduverger.com/article/gache",
    "title": "Gâche",
    "image": "\n                https://images.sumup.com/img_4Z0R3FK1E4895ST3DPMKT6HDGF/image.png",
    "description": "Gâche Vendéenne 500g – Une brioche fondante au bon goût de traditionLa Gâche Vendéenne 500g est une brioche généreuse et moelleuse, emblématique du terroir vendéen. Préparée avec des ingrédients nobles comme le beurre, les œufs et la crème fraîche, elle révèle une mie dense et fondante, délicatement parfumée à la vanille.",
    "variants": [
      {
        "variant_id": "AFDEA895-6661-40E7-A3D5-48457F9A3E68",
        "variant_name": null,
        "price_cents": 795,
        "price_eur": 7.95,
        "unit_type": "unknown",
        "grams": null,
        "price_per_kg": null,
        "options": []
      }
    ],
    "rawVariantsExist": true,
    "category": "Épicerie Fine"
  },
  {
    "url": "https://lesdelicesduverger.com/article/gaspacho-traditionnel",
    "title": "Gaspacho traditionnel",
    "image": "\n                https://images.sumup.com/img_1GKHF1J7GN8ZVS4GGVCRXKBQV5/image.png",
    "description": "Le gaspacho traditionnel est une soupe froide originaire d'Andalousie, dans le sud de l'Espagne. C'est une recette très rafraîchissante, parfaite pour l'été. Il est principalement à base de tomates mûres, de poivrons, de concombre, d'oignon, d'ail, de pain rassis, d'huile d'olive, de vinaigre et de sel. On mixe tous ces ingrédients crus pour obtenir une soupe lisse ou légèrement granuleuse, selon les goûts.",
    "variants": [
      {
        "variant_id": "F404B1A7-89AE-40F8-A059-FA698C0FE452",
        "variant_name": null,
        "price_cents": 595,
        "price_eur": 5.95,
        "unit_type": "unknown",
        "grams": null,
        "price_per_kg": null,
        "options": []
      }
    ],
    "rawVariantsExist": true,
    "category": "Épicerie Fine"
  },
  {
    "url": "https://lesdelicesduverger.com/article/gaufres-fines",
    "title": "Gaufres fines",
    "image": "\n                https://images.sumup.com/img_7BFZV7S8TX9WRTFNAW5A7EXFJM/image.png",
    "description": "Gaufres Fines La Dunkerquoise – L’élégance d’un biscuit croustillant au cœur fondantLes Gaufres Fines La Dunkerquoise sont une spécialité du Nord de la France, alliant le croustillant d’une fine pâte dorée à la richesse d’un cœur fondant, traditionnellement fourré à la vanille, au rhum ou à la vergeoise. Élaborées selon un savoir-faire artisanal, ces gaufres délicates sont parfaites pour accompagner un café, un thé ou tout simplement pour une pause sucrée raffinée.",
    "variants": [
      {
        "variant_id": "89387165-3738-438F-B034-C9DFF637F403",
        "variant_name": null,
        "price_cents": 595,
        "price_eur": 5.95,
        "unit_type": "unknown",
        "grams": null,
        "price_per_kg": null,
        "options": []
      }
    ],
    "rawVariantsExist": true,
    "category": "Épicerie Fine"
  },
  {
    "url": "https://lesdelicesduverger.com/article/gaufrettes-amusantes",
    "title": "Gaufrettes amusantes",
    "image": "\n                https://images.sumup.com/img_4K106VW6PP8W082KV5THR8D34P/image.png",
    "description": "Gaufrettes Amusantes – Légères, croustillantes et pleines de bonne humeurCraquez pour ces gaufrettes amusantes, de délicieuses petites douceurs à la fois croustillantes et fondantes. Fourrées d’une crème onctueuse (vanille, chocolat, fraise ou noisette selon les variétés), elles ravissent petits et grands à tout moment de la journée.",
    "variants": [
      {
        "variant_id": "7DFA767C-8CF4-4110-BBFC-970A44CB8564",
        "variant_name": null,
        "price_cents": 595,
        "price_eur": 5.95,
        "unit_type": "unknown",
        "grams": null,
        "price_per_kg": null,
        "options": []
      }
    ],
    "rawVariantsExist": true,
    "category": "Épicerie Fine"
  },
  {
    "url": "https://lesdelicesduverger.com/article/gourmandise-marines",
    "title": "Gourmandise marines",
    "image": "\n                https://images.sumup.com/img_7FJ68CC77X91PVVJSTPDQ5T7W4/image.png",
    "description": "",
    "variants": [
      {
        "variant_id": "EF822B81-F50D-4C33-8F06-6BE5D9AD3C99",
        "variant_name": "Cabillaud façon Aïoli",
        "price_cents": 595,
        "price_eur": 5.95,
        "unit_type": "unknown",
        "grams": null,
        "price_per_kg": null,
        "options": [
          {
            "name": "Nos variétés ",
            "value": "Cabillaud façon Aïoli"
          }
        ]
      },
      {
        "variant_id": "28e6280b-6c3f-4971-a4c1-71214a048eb6",
        "variant_name": "Rillettes de Truite Fumée",
        "price_cents": 595,
        "price_eur": 5.95,
        "unit_type": "unknown",
        "grams": null,
        "price_per_kg": null,
        "options": [
          {
            "name": "Nos variétés ",
            "value": "Rillettes de Truite Fumée"
          }
        ]
      },
      {
        "variant_id": "c8a3c9cc-f091-4553-b350-ad0deeb4a498",
        "variant_name": "Duo de Saumons au Citron Vert et Sel de Guérande",
        "price_cents": 595,
        "price_eur": 5.95,
        "unit_type": "unknown",
        "grams": null,
        "price_per_kg": null,
        "options": [
          {
            "name": "Nos variétés ",
            "value": "Duo de Saumons au Citron Vert et Sel de Guérande"
          }
        ]
      }
    ],
    "rawVariantsExist": true,
    "category": "Épicerie Fine"
  },
  {
    "url": "https://lesdelicesduverger.com/article/gressins-au-sesame",
    "title": "Gressins au sesame",
    "image": "\n                https://images.sumup.com/img_4PCND8S7Z39SPAWBYZRPKANM4V/image.png",
    "description": "Gressins au Sésame – Fins, croquants et subtilement parfumésLes gressins au sésame sont de fins bâtonnets de pain croustillants, délicatement dorés au four et saupoudrés de graines de sésame. Leur texture légère et leur goût subtilement toasté en font un incontournable des apéritifs ou pour accompagner une planche de fromages, des dips ou des soupes.",
    "variants": [
      {
        "variant_id": "EAA958C2-19E2-4B5C-BA10-75BE9FD15494",
        "variant_name": null,
        "price_cents": 395,
        "price_eur": 3.95,
        "unit_type": "unknown",
        "grams": null,
        "price_per_kg": null,
        "options": []
      }
    ],
    "rawVariantsExist": true,
    "category": "Épicerie Fine"
  },
  {
    "url": "https://lesdelicesduverger.com/article/huile-d-olive-extra-vierge-bio",
    "title": "Huile d’olive extra vierge bio",
    "image": "\n                https://images.sumup.com/img_4085HPDWDZ820V0NXTR2TXK33P/image.png",
    "description": "Huile d'Olive Extra ViergeNotre huile d'olive extra vierge est obtenue par première pression à froid, garantissant une qualité exceptionnelle.Naturelle et riche en arômes, elle est parfaite pour sublimer vos plats au quotidien. Son goût fruité et légèrement poivré révèle toute la richesse du terroir méditerranéen.",
    "variants": [
      {
        "variant_id": "A268766C-B058-4516-8505-5628D5893884",
        "variant_name": null,
        "price_cents": 1795,
        "price_eur": 17.95,
        "unit_type": "unknown",
        "grams": null,
        "price_per_kg": null,
        "options": []
      }
    ],
    "rawVariantsExist": true,
    "category": "Épicerie Fine"
  },
  {
    "url": "https://lesdelicesduverger.com/article/mayonnaise-a-l-huile-de-tournesol",
    "title": "Mayonnaise à l’huile de Tournesol",
    "image": "\n                https://images.sumup.com/img_0QSZ19GYHG9DKBWF8943KGNHG8/image.png",
    "description": "",
    "variants": [
      {
        "variant_id": "C51D5BF1-E9F3-45C7-82BB-FCDD5A39637B",
        "variant_name": null,
        "price_cents": 495,
        "price_eur": 4.95,
        "unit_type": "unknown",
        "grams": null,
        "price_per_kg": null,
        "options": []
      }
    ],
    "rawVariantsExist": true,
    "category": "Épicerie Fine"
  },
  {
    "url": "https://lesdelicesduverger.com/article/miel-d-acacia",
    "title": "Miel d’acacia",
    "image": "\n                https://images.sumup.com/img_4Z4HJY0NC78429025YZA0DHFRD/image.png",
    "description": "",
    "variants": [
      {
        "variant_id": "63DE3E9D-823B-482B-948D-1C0B62A87170",
        "variant_name": null,
        "price_cents": 990,
        "price_eur": 9.9,
        "unit_type": "unknown",
        "grams": null,
        "price_per_kg": null,
        "options": []
      }
    ],
    "rawVariantsExist": true,
    "category": "Épicerie Fine"
  },
  {
    "url": "https://lesdelicesduverger.com/article/miel-de-lavande",
    "title": "Miel de lavande",
    "image": "\n                https://images.sumup.com/img_7W3QXJH3E8966BHH52DCZXAXWR/image.png",
    "description": "",
    "variants": [
      {
        "variant_id": "C954C02C-B6C3-4A0F-A9FC-2A1D2ED15B65",
        "variant_name": null,
        "price_cents": 990,
        "price_eur": 9.9,
        "unit_type": "unknown",
        "grams": null,
        "price_per_kg": null,
        "options": []
      }
    ],
    "rawVariantsExist": true,
    "category": "Épicerie Fine"
  },
  {
    "url": "https://lesdelicesduverger.com/article/mini-madeleine-de-bretagne",
    "title": "Mini Madeleine de Bretagne",
    "image": "\n                https://images.sumup.com/img_4TWY8XVXC39S4V2KGS5M92EN2C/image.png",
    "description": "225g",
    "variants": [
      {
        "variant_id": "177B8141-8C88-4298-AB20-F088174700CA",
        "variant_name": null,
        "price_cents": 695,
        "price_eur": 6.95,
        "unit_type": "unknown",
        "grams": null,
        "price_per_kg": null,
        "options": []
      }
    ],
    "rawVariantsExist": true,
    "category": "Épicerie Fine"
  },
  {
    "url": "https://lesdelicesduverger.com/article/moutarde-de-dijon-jean-d-audignac",
    "title": "Moutarde de Dijon (Jean d’Audignac )",
    "image": "\n                https://images.sumup.com/img_7D1V86FG1H9J0RBAQ92X1WRZCH/image.png",
    "description": "",
    "variants": [
      {
        "variant_id": "34AB7364-B312-4CF1-A66D-659DD92C0DF0",
        "variant_name": null,
        "price_cents": 495,
        "price_eur": 4.95,
        "unit_type": "unknown",
        "grams": null,
        "price_per_kg": null,
        "options": []
      }
    ],
    "rawVariantsExist": true,
    "category": "Épicerie Fine"
  },
  {
    "url": "https://lesdelicesduverger.com/article/pain-de-mie-gourmet",
    "title": "Pain de mie gourmet",
    "image": "\n                https://images.sumup.com/img_7747TH28K78E1AK6XHVGP3WC1W/image.png",
    "description": "550g",
    "variants": [
      {
        "variant_id": "C006E613-0E83-4CA3-BCAE-496329B6B6BB",
        "variant_name": null,
        "price_cents": 495,
        "price_eur": 4.95,
        "unit_type": "unknown",
        "grams": null,
        "price_per_kg": null,
        "options": []
      }
    ],
    "rawVariantsExist": true,
    "category": "Épicerie Fine"
  },
  {
    "url": "https://lesdelicesduverger.com/article/pain-d-epices-au-miel",
    "title": "Pain d’épices au Miel",
    "image": "\n                https://images.sumup.com/img_216SG7T6VQ8GDAKE16FB656820/image.png",
    "description": "Savourez un délicieux pain d’épices fait maison, moelleux et généreusement parfumé. Préparé avec du miel pur, des épices chaleureuses (cannelle, gingembre, muscade…) et une touche de tendresse, ce gâteau traditionnel est parfait pour le petit-déjeuner, le goûter ou accompagné d’un thé chaud. 500g net",
    "variants": [
      {
        "variant_id": "81F925B8-D72B-4BCB-8505-BB69CE8D25D7",
        "variant_name": null,
        "price_cents": 798,
        "price_eur": 7.98,
        "unit_type": "unknown",
        "grams": null,
        "price_per_kg": null,
        "options": []
      }
    ],
    "rawVariantsExist": true,
    "category": "Épicerie Fine"
  },
  {
    "url": "https://lesdelicesduverger.com/article/pate-a-tartiner-lait-feuilletine-200g",
    "title": "Pâte à tartiner lait feuilletine (200g)",
    "image": "\n                https://images.sumup.com/img_5JWGD7E3DG8Z0VXY41KKS3NTQT/image.png",
    "description": ". 30% de noisette. Recette sans huile de palme",
    "variants": [
      {
        "variant_id": "FD5D1D39-9365-4E95-9FE7-B5492D4BE0B2",
        "variant_name": null,
        "price_cents": 695,
        "price_eur": 6.95,
        "unit_type": "unknown",
        "grams": null,
        "price_per_kg": null,
        "options": []
      }
    ],
    "rawVariantsExist": true,
    "category": "Épicerie Fine"
  },
  {
    "url": "https://lesdelicesduverger.com/article/pesto-rosso-180g",
    "title": "Pesto Rosso (180g)",
    "image": "\n                https://images.sumup.com/img_3RPJD619EN8W6RHSD2TQVRZ2J8/image.png",
    "description": "",
    "variants": [
      {
        "variant_id": "5CED70CA-6ADC-486C-8985-084B9448B921",
        "variant_name": null,
        "price_cents": 495,
        "price_eur": 4.95,
        "unit_type": "unknown",
        "grams": null,
        "price_per_kg": null,
        "options": []
      }
    ],
    "rawVariantsExist": true,
    "category": "Épicerie Fine"
  },
  {
    "url": "https://lesdelicesduverger.com/article/petit-beurre-breton",
    "title": "Petit beurre breton",
    "image": "\n                https://images.sumup.com/img_63MNTBMJGT9X9TECW4SY4JA29X/image.png",
    "description": "Petit Beurre Breton 350g – Le goût authentique de la traditionSavourez le croustillant et la tendresse des Petits Beurres Bretons, confectionnés selon une recette traditionnelle à base de beurre frais et d’ingrédients simples. Leur goût délicatement sucré et leur texture fondante en bouche font de ces biscuits un incontournable du goûter et du petit-déjeuner.",
    "variants": [
      {
        "variant_id": "FC52ECA5-8A59-4EC8-9A36-EE08BA413B47",
        "variant_name": null,
        "price_cents": 595,
        "price_eur": 5.95,
        "unit_type": "unknown",
        "grams": null,
        "price_per_kg": null,
        "options": []
      }
    ],
    "rawVariantsExist": true,
    "category": "Épicerie Fine"
  },
  {
    "url": "https://lesdelicesduverger.com/article/petits-citrons-sauvages-d-egypte-confit-chez-jaun-d-audiganc",
    "title": "Petits Citrons Sauvages d'Égypte - Confit chez Jaun d'Audiganc",
    "image": "\n                https://images.sumup.com/img_181DBKTJH98E6AP7F2X78XH71D/image.png",
    "description": "Les petits citrons sauvages d'Égypte confits chez Jaun d'Audiganc sont de véritables joyaux de la cuisine méditerranéenne. Leur goût intense, légèrement acidulé et parfumé, apporte une touche exotique et raffinée à vos plats.Grâce à leur confisage traditionnel, ils conservent toute leur richesse aromatique.Idée recette simple :• Poulet aux citrons confits et olives : faites revenir des morceaux de poulet avec des oignons, ajoutez des quartiers de citrons confits et des olives vertes, puis laissez mijoter doucement avec un peu de bouillon. Servez chaud avec de la semoule ou du riz pour un plat plein de soleil!",
    "variants": [
      {
        "variant_id": "F53A8409-AB50-4147-A570-EE4E4040C6C6",
        "variant_name": null,
        "price_cents": 695,
        "price_eur": 6.95,
        "unit_type": "unknown",
        "grams": null,
        "price_per_kg": null,
        "options": []
      }
    ],
    "rawVariantsExist": true,
    "category": "Épicerie Fine"
  },
  {
    "url": "https://lesdelicesduverger.com/article/petits-pois-445g",
    "title": "Petits pois (445g)",
    "image": "\n                https://images.sumup.com/img_6009A4E2JV804VYEK7SBK5A1P8/image.png",
    "description": "Commencez par faire cuire environ 500 g de petits pois frais ou surgelés dans de l'eau bouillante salée pendant 5 à 7 minutes jusqu'à ce qu'ils soient tendres.Égouttez-les bien et réservez. Dans une poêle, faites chauffer 2 cuillères à soupe d'huile d'olive à feu moyen. Ajoutez 1 à 2 gousses d'ail émincées et faites-les revenir pendant 1 à 2 minutes jusqu'à ce qu'elles soient parfumées. Ajoutez ensuite les petits pois et faites-les sauter pendant 3 à 5 minutes en remuant de temps en temps.Assaisonnez avec du sel, du poivre et une pincée de sucre pour rehausser leur goût.Vous pouvez aussi ajouter un peu de menthe fraîche hachée pour une touche de fraîcheur. Servez chaud",
    "variants": [
      {
        "variant_id": "F29EE9E2-6E36-4D2C-AF90-811B1147D99C",
        "variant_name": null,
        "price_cents": 695,
        "price_eur": 6.95,
        "unit_type": "unknown",
        "grams": null,
        "price_per_kg": null,
        "options": []
      }
    ],
    "rawVariantsExist": true,
    "category": "Épicerie Fine"
  },
  {
    "url": "https://lesdelicesduverger.com/index.php/article/piment-d-espelette-40g",
    "title": "Piment d’espelette (40g)",
    "image": "\n                https://images.sumup.com/img_3QA1XQQ6CK97B80GNGCVFWE2R3/image.png",
    "description": "Le piment d'Espelette est un piment doux originaire du Pays Basque, dans le sud-ouest de la France. Il est connu pour sa saveur subtile, légèrement piquante mais jamais agressive, avec des notes fruitées et légèrement fumées.Il est souvent utilisé pour relever les plats sans en masquer le goût.Le piment d'Espelette est généralement séché puis réduit en poudre rouge-orangée, et bénéficie d'une Appellation d'Origine Protégée (AOP), ce qui garantit son authenticité et sa qualité.Il est un ingrédient incontournable dans la cuisine basque, parfait pour assaisonner viandes, poissons, sauces, et même certains desserts!",
    "variants": [
      {
        "variant_id": "AE6EF074-014B-4175-BCB5-28A04C093AE5",
        "variant_name": null,
        "price_cents": 1290,
        "price_eur": 12.9,
        "unit_type": "unknown",
        "grams": null,
        "price_per_kg": null,
        "options": []
      }
    ],
    "rawVariantsExist": true,
    "category": "Épicerie Fine"
  },
  {
    "url": "https://lesdelicesduverger.com/index.php/article/pois-chiche-400g",
    "title": "Pois chiche (400g)",
    "image": "\n                https://images.sumup.com/img_106V7X22PE8NCRAMFSCM5XDMYM/image.png",
    "description": "Dans une poêle, faites chauffer 2 cuillères à soupe d'huile d'olive à feu moyen. Ajoutez 1 oignon émincé et faites-le revenir jusqu'à ce qu'il soit translucide. Ajoutez ensuite 2 gousses d'ail hachées, 1 cuillère à café de cumin, 1 cuillère à café de paprika et une pincée de sel et de poivre. Laissez cuire pendant 2 minutes pour libérer les arômes des épices. Incorporez les pois chiches cuits et faites sauter le tout pendant 5 à 7 minutes, en remuant de temps en temps, jusqu'à ce que les pois chiches soient légèrement dorés. Vous pouvez ajouter un peu de jus de citron et de coriandre fraîche avant de servir pour un goût encore plus frais.Servez chaud en accompagnement ou en plat principal.",
    "variants": [
      {
        "variant_id": "C2B465D9-5D2B-4BA0-99EF-F1D6980B2391",
        "variant_name": null,
        "price_cents": 395,
        "price_eur": 3.95,
        "unit_type": "unknown",
        "grams": null,
        "price_per_kg": null,
        "options": []
      }
    ],
    "rawVariantsExist": true,
    "category": "Épicerie Fine"
  },
  {
    "url": "https://lesdelicesduverger.com/index.php/article/pomme-de-terre-grenaille-ile-de-re",
    "title": "Pomme de terre grenaille île de ré",
    "image": "\n                https://images.sumup.com/img_4610H0PK4Y97JRF3JN780QVANJ/image.png",
    "description": "",
    "variants": [
      {
        "variant_id": "6A56FCD3-7332-4A63-9C36-C6C026657C67",
        "variant_name": null,
        "price_cents": 990,
        "price_eur": 9.9,
        "unit_type": "unknown",
        "grams": null,
        "price_per_kg": null,
        "options": []
      }
    ],
    "rawVariantsExist": true,
    "category": "Épicerie Fine"
  },
  {
    "url": "https://lesdelicesduverger.com/index.php/article/ratatouille-630g",
    "title": "Ratatouille (630g)",
    "image": "\n                https://images.sumup.com/img_5RF2T71BD99RM8B1SVQWHNFSQW/image.png",
    "description": "",
    "variants": [
      {
        "variant_id": "1D980AFF-F0A8-4E3F-8B33-7F1CC0F49B51",
        "variant_name": null,
        "price_cents": 595,
        "price_eur": 5.95,
        "unit_type": "unknown",
        "grams": null,
        "price_per_kg": null,
        "options": []
      }
    ],
    "rawVariantsExist": true,
    "category": "Épicerie Fine"
  },
  {
    "url": "https://lesdelicesduverger.com/index.php/article/ravioli-a-la-provencale-800g",
    "title": "Ravioli à la provençale (800g)",
    "image": "\n                https://images.sumup.com/img_1KGWYEB33G8ZZ9A8HJE68CDQDH/image.png",
    "description": "",
    "variants": [
      {
        "variant_id": "40DD11C4-6049-4F37-92FD-EC36DCA1FCAD",
        "variant_name": null,
        "price_cents": 1195,
        "price_eur": 11.95,
        "unit_type": "unknown",
        "grams": null,
        "price_per_kg": null,
        "options": []
      }
    ],
    "rawVariantsExist": true,
    "category": "Épicerie Fine"
  },
  {
    "url": "https://lesdelicesduverger.com/index.php/article/rillettes-90g",
    "title": "Rillettes (90g)",
    "image": "\n                https://images.sumup.com/img_6DZRH2GTS08WJ8J61EH5VV8VEA/image.png",
    "description": "",
    "variants": [
      {
        "variant_id": "071A3B49-DFD5-49F7-9051-F62A7F5FEEA8",
        "variant_name": "Rillettes de Thon à la Créole  ",
        "price_cents": 495,
        "price_eur": 4.95,
        "unit_type": "unknown",
        "grams": null,
        "price_per_kg": null,
        "options": [
          {
            "name": "Nos Variétés de Rillettes ",
            "value": "Rillettes de Thon à la Créole  "
          }
        ]
      },
      {
        "variant_id": "45781955-19c6-4723-8418-91278fc25a1f",
        "variant_name": "Rillettes de Saumon ",
        "price_cents": 495,
        "price_eur": 4.95,
        "unit_type": "unknown",
        "grams": null,
        "price_per_kg": null,
        "options": [
          {
            "name": "Nos Variétés de Rillettes ",
            "value": "Rillettes de Saumon "
          }
        ]
      },
      {
        "variant_id": "af7bb4de-2cef-4cfe-af00-a4c9eda67780",
        "variant_name": "Rillettes de Coquille st Jacques ",
        "price_cents": 495,
        "price_eur": 4.95,
        "unit_type": "unknown",
        "grams": null,
        "price_per_kg": null,
        "options": [
          {
            "name": "Nos Variétés de Rillettes ",
            "value": "Rillettes de Coquille st Jacques "
          }
        ]
      },
      {
        "variant_id": "058963f3-2add-4a78-9eeb-78f64ab19032",
        "variant_name": "Rillettes de Dorade à la Créole",
        "price_cents": 495,
        "price_eur": 4.95,
        "unit_type": "unknown",
        "grams": null,
        "price_per_kg": null,
        "options": [
          {
            "name": "Nos Variétés de Rillettes ",
            "value": "Rillettes de Dorade à la Créole"
          }
        ]
      }
    ],
    "rawVariantsExist": true,
    "category": "Épicerie Fine"
  },
  {
    "url": "https://lesdelicesduverger.com/index.php/article/risotto-aux-cepes-400g",
    "title": "Risotto aux cèpes (400g)",
    "image": "\n                https://images.sumup.com/img_65HNMM233E9PQT41JZ43612EAN/image.png",
    "description": "",
    "variants": [
      {
        "variant_id": "0616AE59-3D91-4B5D-94F6-8ABF7B4D1CF0",
        "variant_name": null,
        "price_cents": 895,
        "price_eur": 8.95,
        "unit_type": "unknown",
        "grams": null,
        "price_per_kg": null,
        "options": []
      }
    ],
    "rawVariantsExist": true,
    "category": "Épicerie Fine"
  },
  {
    "url": "https://lesdelicesduverger.com/index.php/article/risotto-aux-legumes-400g",
    "title": "Risotto aux légumes (400g)",
    "image": "\n                https://images.sumup.com/img_4RXTM8EMJN9N1RZJ0HPF029R0R/image.png",
    "description": "",
    "variants": [
      {
        "variant_id": "910F8838-4807-4F41-95EA-3312C89B62D3",
        "variant_name": null,
        "price_cents": 795,
        "price_eur": 7.95,
        "unit_type": "unknown",
        "grams": null,
        "price_per_kg": null,
        "options": []
      }
    ],
    "rawVariantsExist": true,
    "category": "Épicerie Fine"
  },
  {
    "url": "https://lesdelicesduverger.com/index.php/article/sardines-mouettes-d-arvor",
    "title": "Sardines Mouettes d’Arvor",
    "image": "\n                https://images.sumup.com/img_7ZDBG9NM009TCS6VJ2QSR2ZYP2/image.png",
    "description": "Sardines Mouettes d'Arvor à\"huile d'olive vierge extraLes Sardines Mouettes d'Arvor, préparées à la main à Concarneau (Bretagne), sont un véritable trésor de la tradition artisanale.Pêchées de manière responsable et mises en boîte avec soin, elles sont conservées dans une huile d'olive vierge extra qui sublime leur goût naturel.",
    "variants": [
      {
        "variant_id": "002E79BF-277E-4B26-A408-CAEFD4E52F37",
        "variant_name": null,
        "price_cents": 595,
        "price_eur": 5.95,
        "unit_type": "unknown",
        "grams": null,
        "price_per_kg": null,
        "options": []
      }
    ],
    "rawVariantsExist": true,
    "category": "Épicerie Fine"
  },
  {
    "url": "https://lesdelicesduverger.com/index.php/article/sauce-tartare-les-impeccables",
    "title": "Sauce Tartare Les Impeccables",
    "image": "\n                https://images.sumup.com/img_1FTAS35FNF9KN9C7NAGZFNTHHZ/image.png",
    "description": "",
    "variants": [
      {
        "variant_id": "F10EBC42-A4D9-4D47-A356-DAF4E695B976",
        "variant_name": null,
        "price_cents": 495,
        "price_eur": 4.95,
        "unit_type": "unknown",
        "grams": null,
        "price_per_kg": null,
        "options": []
      }
    ],
    "rawVariantsExist": true,
    "category": "Épicerie Fine"
  },
  {
    "url": "https://lesdelicesduverger.com/index.php/article/sauce-tomates-les-impeccables",
    "title": "Sauce Tomates Les Impeccables",
    "image": "\n                https://images.sumup.com/img_26EBFS4VST82FTJV92SHYFC6GN/image.png",
    "description": "",
    "variants": [
      {
        "variant_id": "2F610764-A249-4F0C-B086-A7A5C1C01649",
        "variant_name": null,
        "price_cents": 295,
        "price_eur": 2.95,
        "unit_type": "unknown",
        "grams": null,
        "price_per_kg": null,
        "options": []
      }
    ],
    "rawVariantsExist": true,
    "category": "Épicerie Fine"
  },
  {
    "url": "https://lesdelicesduverger.com/index.php/article/sel-jean-d-audignac",
    "title": "Sel Jean D’Audignac",
    "image": "\n                https://images.sumup.com/img_2N1D3HKEAN8QV8GMNF84492M2Z/image.png",
    "description": "",
    "variants": [
      {
        "variant_id": "A6995464-6F37-4B5B-A7C2-60B5667B403A",
        "variant_name": "Sel rose de l’Himalaya ",
        "price_cents": 990,
        "price_eur": 9.9,
        "unit_type": "unknown",
        "grams": null,
        "price_per_kg": null,
        "options": [
          {
            "name": "Variétés de sel",
            "value": "Sel rose de l’Himalaya "
          }
        ]
      },
      {
        "variant_id": "3a289cea-7063-4f87-a31d-ec313022e54c",
        "variant_name": "Sel bleu de Perse",
        "price_cents": 990,
        "price_eur": 9.9,
        "unit_type": "unknown",
        "grams": null,
        "price_per_kg": null,
        "options": [
          {
            "name": "Variétés de sel",
            "value": "Sel bleu de Perse"
          }
        ]
      }
    ],
    "rawVariantsExist": true,
    "category": "Épicerie Fine"
  },
  {
    "url": "https://lesdelicesduverger.com/index.php/article/soupe-paysanne-aux-legumes-500ml",
    "title": "Soupe paysanne aux légumes (500ml)",
    "image": "\n                https://images.sumup.com/img_6CMW8H840197FVPKMGVQEAGQK9/image.png",
    "description": "La soupe paysanne est une soupe rustique, généreuse et nourrissante, faite avec des légumes de saison coupés en morceaux. Elle est souvent enrichie avec des pommes de terre, des carottes, des poireaux, des haricots verts, et parfois un peu de lard ou de jambon pour plus de goût. C'est une soupe authentique, simple, qui rappelle les repas de la campagne.",
    "variants": [
      {
        "variant_id": "CADB0B5C-4CF4-4890-84F8-9727247C7D3B",
        "variant_name": null,
        "price_cents": 595,
        "price_eur": 5.95,
        "unit_type": "unknown",
        "grams": null,
        "price_per_kg": null,
        "options": []
      }
    ],
    "rawVariantsExist": true,
    "category": "Épicerie Fine"
  },
  {
    "url": "https://lesdelicesduverger.com/index.php/article/soupes-et-veloutes-680ml",
    "title": "Soupes et veloutés (680ml)",
    "image": "\n                https://images.sumup.com/img_53X2D4W5A29RQRFCMR3QBTHDBB/image.png",
    "description": "",
    "variants": [
      {
        "variant_id": "568B624C-DBD4-4339-B399-951EE3DF9482",
        "variant_name": "Soupe d’asperges",
        "price_cents": 595,
        "price_eur": 5.95,
        "unit_type": "unknown",
        "grams": null,
        "price_per_kg": null,
        "options": [
          {
            "name": "Nos variétés de soupes et veloutés ",
            "value": "Soupe d’asperges"
          }
        ]
      },
      {
        "variant_id": "9a15c693-24c7-4deb-90e1-8b555d142188",
        "variant_name": "Velouté de poireaux et pommes de terre",
        "price_cents": 595,
        "price_eur": 5.95,
        "unit_type": "unknown",
        "grams": null,
        "price_per_kg": null,
        "options": [
          {
            "name": "Nos variétés de soupes et veloutés ",
            "value": "Velouté de poireaux et pommes de terre"
          }
        ]
      },
      {
        "variant_id": "9ff77c87-0743-404a-a902-7f6df2eb04d9",
        "variant_name": "Velouté de courgettes",
        "price_cents": 595,
        "price_eur": 5.95,
        "unit_type": "unknown",
        "grams": null,
        "price_per_kg": null,
        "options": [
          {
            "name": "Nos variétés de soupes et veloutés ",
            "value": "Velouté de courgettes"
          }
        ]
      },
      {
        "variant_id": "92a5b4e3-836a-4519-93ea-23d5ae1a3b88",
        "variant_name": "Soupe de légumes vert à la ciboulette ",
        "price_cents": 595,
        "price_eur": 5.95,
        "unit_type": "unknown",
        "grams": null,
        "price_per_kg": null,
        "options": [
          {
            "name": "Nos variétés de soupes et veloutés ",
            "value": "Soupe de légumes vert à la ciboulette "
          }
        ]
      },
      {
        "variant_id": "5fdd65ea-aa08-4202-ad0d-6e597a48d8a6",
        "variant_name": "Velouté de potimarron et potiron ",
        "price_cents": 595,
        "price_eur": 5.95,
        "unit_type": "unknown",
        "grams": null,
        "price_per_kg": null,
        "options": [
          {
            "name": "Nos variétés de soupes et veloutés ",
            "value": "Velouté de potimarron et potiron "
          }
        ]
      }
    ],
    "rawVariantsExist": true,
    "category": "Épicerie Fine"
  },
  {
    "url": "https://lesdelicesduverger.com/index.php/article/sparts-fumes-riga-gold",
    "title": "Sparts fumés Riga Gold",
    "image": "\n                https://images.sumup.com/img_6HK8MGB6ZR83RSC58ZYSH9M263/image.png",
    "description": "Sprats Fumés Riga Gold - à l'huile végétaleSavourez l'authenticité des Sprats fumésRiga Gold, issus de la tradition culinaire des pays baltes. Ces petits poissons soigneusement fumés et conservés dans une huile végétale légère offrent une texture fondante et un goût fumé exceptionnel.",
    "variants": [
      {
        "variant_id": "FA6650FA-0590-4FE3-82B5-B44FB9A8A6E8",
        "variant_name": null,
        "price_cents": 395,
        "price_eur": 3.95,
        "unit_type": "unknown",
        "grams": null,
        "price_per_kg": null,
        "options": []
      }
    ],
    "rawVariantsExist": true,
    "category": "Épicerie Fine"
  },
  {
    "url": "https://lesdelicesduverger.com/index.php/article/speculoos",
    "title": "Speculoos",
    "image": "\n                https://images.sumup.com/img_7TETC1CVXR9N7B31ERGR62Z2MW/image.png",
    "description": "Spéculoos 225g – L’intensité d’un biscuit aux épicesDécouvrez l’irrésistible saveur des Spéculoos, ces biscuits belges traditionnels au goût unique de caramel et d’épices. Croquants à souhait, ils sont parfaits pour accompagner un café, un thé ou pour agrémenter vos desserts maison.",
    "variants": [
      {
        "variant_id": "5800A11D-D408-4F91-B0F2-E8D83E442B6C",
        "variant_name": null,
        "price_cents": 595,
        "price_eur": 5.95,
        "unit_type": "unknown",
        "grams": null,
        "price_per_kg": null,
        "options": []
      }
    ],
    "rawVariantsExist": true,
    "category": "Épicerie Fine"
  },
  {
    "url": "https://lesdelicesduverger.com/index.php/article/tapenade-artisanale-90g",
    "title": "Tapenade Artisanale (90g)",
    "image": "\n                https://images.sumup.com/img_2Q8Q8Z9PXC9DXSAS6PX4FX8Q6T/image.png",
    "description": "",
    "variants": [
      {
        "variant_id": "7B577856-1CB0-42F8-87FF-AD6285CBAB19",
        "variant_name": "Tapenade Noir aux olives de Pays",
        "price_cents": 495,
        "price_eur": 4.95,
        "unit_type": "unknown",
        "grams": null,
        "price_per_kg": null,
        "options": [
          {
            "name": "Nos variétés de tapenade",
            "value": "Tapenade Noir aux olives de Pays"
          }
        ]
      },
      {
        "variant_id": "2a863485-191c-4b18-8aab-5b1159bf370d",
        "variant_name": "Tapenade verte aux olives de Pays",
        "price_cents": 495,
        "price_eur": 4.95,
        "unit_type": "unknown",
        "grams": null,
        "price_per_kg": null,
        "options": [
          {
            "name": "Nos variétés de tapenade",
            "value": "Tapenade verte aux olives de Pays"
          }
        ]
      }
    ],
    "rawVariantsExist": true,
    "category": "Épicerie Fine"
  },
  {
    "url": "https://lesdelicesduverger.com/index.php/article/thon-al-manar",
    "title": "Thon Al Manar",
    "image": "\n                https://images.sumup.com/img_7NT5YSBZ5W8TEV9TDQCZTAMYNW/image.png",
    "description": "Le thon Al Manar est un produit emblématique tunisien, apprécié pour sa qualité supérieure et son goût authentique.Préparé selon des standards rigoureux, il est pêché dans les eaux méditerranéennes, puis soigneusement sélectionné et mis en conserve pour garantir fraîcheur et saveur.La marque Al Manar est reconnue en Tunisie et à l'international pour son savoir-faire traditionnel, combiné à des techniques modernes de conservation.Son thon est proposé en différentes préparations: nature, à l'huile d'olive, à l'huile végétale, ou encore épicé, pour satisfaire tous les goûts.",
    "variants": [
      {
        "variant_id": "10C6C946-DC6C-45AF-A9A0-E218F893ECDE",
        "variant_name": null,
        "price_cents": 595,
        "price_eur": 5.95,
        "unit_type": "unknown",
        "grams": null,
        "price_per_kg": null,
        "options": []
      }
    ],
    "rawVariantsExist": true,
    "category": "Épicerie Fine"
  },
  {
    "url": "https://lesdelicesduverger.com/index.php/article/toasts-aperitifs-aux-7-cereales-140g",
    "title": "Toasts apéritifs aux 7 céréales (140g)",
    "image": "\n                https://images.sumup.com/img_6M38MR05MP8K29GDWCHE49JWQQ/image.png",
    "description": "",
    "variants": [
      {
        "variant_id": "11B68398-DF1A-44A2-9729-BEAED144B600",
        "variant_name": null,
        "price_cents": 495,
        "price_eur": 4.95,
        "unit_type": "unknown",
        "grams": null,
        "price_per_kg": null,
        "options": []
      }
    ],
    "rawVariantsExist": true,
    "category": "Épicerie Fine"
  },
  {
    "url": "https://lesdelicesduverger.com/index.php/article/vanille-de-madagascar-tube",
    "title": "Vanille de Madagascar (tube)",
    "image": "\n                https://images.sumup.com/img_2H0WZSFSRC8NRBCPWYN0PAAE2P/image.png",
    "description": "Gousse de Vanille de Madagascar – L’or noir des tropiquesRéputée dans le monde entier, la vanille de Madagascar est considérée comme la meilleure au monde. Cultivée principalement dans la région de Sava, au nord-est de l’île, cette gousse fine et brillante révèle un arôme profond, chaud et envoûtant, avec des notes boisées et florales uniques.",
    "variants": [
      {
        "variant_id": "91DB7F25-03B1-4D41-B910-F428294E250D",
        "variant_name": null,
        "price_cents": 1290,
        "price_eur": 12.9,
        "unit_type": "unknown",
        "grams": null,
        "price_per_kg": null,
        "options": []
      }
    ],
    "rawVariantsExist": true,
    "category": "Épicerie Fine"
  },
  {
    "url": "https://lesdelicesduverger.com/article/ananas-barquette",
    "title": "Ananas barquette",
    "image": "\n                https://images.sumup.com/img_2C7RHSA1MX8C1V3HB62BR3C587/image.png",
    "description": "Laissez-vous séduire par l’ananas extra doux du Costa Rica, reconnu pour sa chair dorée, ultra juteuse et naturellement sucrée. Cultivé sous le soleil tropical et récolté à maturité, cet ananas est un concentré de fraîcheur et de saveurs exotiques.",
    "variants": [
      {
        "variant_id": "BC65E1F9-F932-4086-8EFB-10BAA61329B7",
        "variant_name": null,
        "price_cents": 595,
        "price_eur": 5.95,
        "unit_type": "unknown",
        "grams": null,
        "price_per_kg": null,
        "options": []
      }
    ],
    "rawVariantsExist": true,
    "category": "Fruits coupés"
  },
  {
    "url": "https://lesdelicesduverger.com/article/abricot-extra",
    "title": "Abricot extra",
    "image": "\n                https://images.sumup.com/img_2RBRHS655R8G7SXY4CTBDXNM01/image.png",
    "description": "",
    "variants": [
      {
        "variant_id": "3AE487DF-B693-493B-8B62-CB40972F6D7B",
        "variant_name": "500g",
        "price_cents": 695,
        "price_eur": 6.95,
        "unit_type": "weight",
        "grams": 500,
        "price_per_kg": 13.9,
        "options": [
          {
            "name": "Poids",
            "value": "500g"
          }
        ]
      },
      {
        "variant_id": "e55b2c31-2cb5-4f55-bd9a-91d772a99af7",
        "variant_name": "1 kg",
        "price_cents": 1390,
        "price_eur": 13.9,
        "unit_type": "weight",
        "grams": 1000,
        "price_per_kg": 13.9,
        "options": [
          {
            "name": "Poids",
            "value": "1 kg"
          }
        ]
      }
    ],
    "rawVariantsExist": true,
    "category": "Fruits De Saison"
  },
  {
    "url": "https://lesdelicesduverger.com/article/abricot-promo",
    "title": "Abricot promo",
    "image": "\n                https://images.sumup.com/img_4MBDA7T6R48C5RF5QQEYY9G14N/image.png",
    "description": "",
    "variants": [
      {
        "variant_id": "98C8B11C-527E-4858-ABE8-1A2130BDDC04",
        "variant_name": "500g",
        "price_cents": 395,
        "price_eur": 3.95,
        "unit_type": "weight",
        "grams": 500,
        "price_per_kg": 7.9,
        "options": [
          {
            "name": "Poids",
            "value": "500g"
          }
        ]
      },
      {
        "variant_id": "9615f483-3386-4e42-b5b5-2c3e22dec0dc",
        "variant_name": "1 kg",
        "price_cents": 790,
        "price_eur": 7.9,
        "unit_type": "weight",
        "grams": 1000,
        "price_per_kg": 7.9,
        "options": [
          {
            "name": "Poids",
            "value": "1 kg"
          }
        ]
      }
    ],
    "rawVariantsExist": true,
    "category": "Fruits De Saison"
  },
  {
    "url": "https://lesdelicesduverger.com/article/melon",
    "title": "Melon",
    "image": "\n                https://images.sumup.com/img_6YSZ80P6QS9R999EVDNSY0CYSK/image.png",
    "description": "Melon - Doux, Rafraîchissant etGénéreusement SucréLe melon est un fruit d'été par excellence, apprécié pour sa chair juteuse, sucrée et parfumée. Sa texture fondante et son goût naturellement doux en font un choix parfait pour se rafraîchir pendant les journées chaudes. Riche en eau, en vitamines A etC, il est léger et hydratant.À déguster seul, en salade, avec du jambon cru, ou dans des desserts frais, le melon apporte une touche de douceur et de fraîcheur à toutes vos recettes estivales.",
    "variants": [
      {
        "variant_id": "2F125274-E913-42DC-B153-2834181E704C",
        "variant_name": null,
        "price_cents": 590,
        "price_eur": 5.9,
        "unit_type": "unknown",
        "grams": null,
        "price_per_kg": null,
        "options": []
      }
    ],
    "rawVariantsExist": true,
    "category": "Fruits De Saison"
  },
  {
    "url": "https://lesdelicesduverger.com/article/melon-philibon",
    "title": "Melon Philibon",
    "image": "\n                https://images.sumup.com/img_2JX8W5E2GW9ZV8F92P02GD47AV/image.png",
    "description": "Melon Philibon – Le goût de l’excellenceReconnaissable à son parfum envoûtant et sa peau finement côtelée, le melon Philibon est une variété haut de gamme du célèbre melon Charentais. Récolté à parfaite maturité, il se distingue par sa chair orange vif, juteuse et incroyablement sucrée.",
    "variants": [
      {
        "variant_id": "BBE31C13-E877-482C-82A2-B003F234BC43",
        "variant_name": null,
        "price_cents": 1200,
        "price_eur": 12,
        "unit_type": "unknown",
        "grams": null,
        "price_per_kg": null,
        "options": []
      }
    ],
    "rawVariantsExist": true,
    "category": "Fruits De Saison"
  },
  {
    "url": "https://lesdelicesduverger.com/article/nectarine-blanche",
    "title": "Nectarine blanche",
    "image": "\n                https://images.sumup.com/img_48303VRFYC80GV9R56C76W1HW3/image.png",
    "description": "La nectarine blanche est une variété de fruit à noyau, proche de la pêche, caractérisée par sa peau lisse et sa chair blanche, juteuse et sucrée. Contrairement à la pêche, elle ne présente pas de duvet sur sa peau. Ce fruit est particulièrement apprécié en été pour sa fraîcheur et sa saveur délicate.La nectarine blanche est également une bonne source de vitamines (notamment la vitamine C) et de minéraux tels que le potassium et le cuivre.",
    "variants": [
      {
        "variant_id": "2629FB1D-98AB-4893-844E-B1410E1BC119",
        "variant_name": "500g",
        "price_cents": 495,
        "price_eur": 4.95,
        "unit_type": "weight",
        "grams": 500,
        "price_per_kg": 9.9,
        "options": [
          {
            "name": "Poids",
            "value": "500g"
          }
        ]
      },
      {
        "variant_id": "6ea347c6-18b4-4513-979b-95eae57572e4",
        "variant_name": "1 kg",
        "price_cents": 990,
        "price_eur": 9.9,
        "unit_type": "weight",
        "grams": 1000,
        "price_per_kg": 9.9,
        "options": [
          {
            "name": "Poids",
            "value": "1 kg"
          }
        ]
      }
    ],
    "rawVariantsExist": true,
    "category": "Fruits De Saison"
  },
  {
    "url": "https://lesdelicesduverger.com/article/nectarine-jaune",
    "title": "Nectarine jaune",
    "image": "\n                https://images.sumup.com/img_57N3DJR1XY92R8R8PCANKNDY3F/image.png",
    "description": "La nectarine jaune est un fruit estival apprécié pour sa peau lisse et brillante, sa chair jaune doré, juteuse et sucrée. Elle est riche en vitamines (notamment la vitamineC), en minéraux tels que le potassium, et en antioxydants. Sa consommation contribue à une alimentation équilibrée et hydratante, idéale pendant les périodes chaudes.",
    "variants": [
      {
        "variant_id": "67906B18-9C59-415B-99CB-073F2E6FB6E6",
        "variant_name": "500g",
        "price_cents": 495,
        "price_eur": 4.95,
        "unit_type": "weight",
        "grams": 500,
        "price_per_kg": 9.9,
        "options": [
          {
            "name": "Poids",
            "value": "500g"
          }
        ]
      },
      {
        "variant_id": "f9d19504-0f90-4e9a-91dc-29c8a02d9ebc",
        "variant_name": "1 kg",
        "price_cents": 990,
        "price_eur": 9.9,
        "unit_type": "weight",
        "grams": 1000,
        "price_per_kg": 9.9,
        "options": [
          {
            "name": "Poids",
            "value": "1 kg"
          }
        ]
      }
    ],
    "rawVariantsExist": true,
    "category": "Fruits De Saison"
  },
  {
    "url": "https://lesdelicesduverger.com/article/orange-a-jus",
    "title": "Orange à jus",
    "image": "\n                https://images.sumup.com/img_2EWXY1GRTR9K8VD7GQA6DJSQRM/image.png",
    "description": "Orange à Jus - Gorgée de Soleil, Sucrée et RafraîchissanteL'orange à jus est spécialement sélectionnée pour sa richesse en jus, sa pulpe fondante et sa saveur douce et fruitée. Idéale pour faire le plein de vitamines, elle est particulièrement appréciée pour ses bienfaits naturels, notamment sa teneur élevée en vitamine C, en antioxydants et en fibres.Parfaite pour vos jus frais du matin, smoothies, ou en cuisine pour apporter une touche d'agrumes à vos plats et desserts, l'orange à jus est un indispensable du quotidien.",
    "variants": [
      {
        "variant_id": "19CB9E62-6B4E-4B2F-979C-14A350BAED24",
        "variant_name": "500g",
        "price_cents": 145,
        "price_eur": 1.45,
        "unit_type": "weight",
        "grams": 500,
        "price_per_kg": 2.9,
        "options": [
          {
            "name": "Poids",
            "value": "500g"
          }
        ]
      },
      {
        "variant_id": "b94a75de-587a-49da-81e7-cfb1df1c074f",
        "variant_name": "1 kg",
        "price_cents": 290,
        "price_eur": 2.9,
        "unit_type": "weight",
        "grams": 1000,
        "price_per_kg": 2.9,
        "options": [
          {
            "name": "Poids",
            "value": "1 kg"
          }
        ]
      }
    ],
    "rawVariantsExist": true,
    "category": "Fruits De Saison"
  },
  {
    "url": "https://lesdelicesduverger.com/article/pasteque-1-7-kg-1-4",
    "title": "Pastèque 1,7 kg (1/4)",
    "image": "\n                https://images.sumup.com/img_64098D1RGD8MBTGBM3KKYNK3ZD/image.png",
    "description": "Pastèque - Sucrée, Rafraîchissante etHydratanteLa pastèque est un fruit emblématique de l'été, gorgée d'eau et d'une douceur naturelle qui en fait une véritable source de rafraîchissement. Sa chair rose ou rouge est fondante et croquante, offrant une expérience juteuse à chaque bouchée.Riche en vitamine C, en antioxydants et en eau, elle est idéale pour s'hydrater tout en savourant un fruit délicieux.À déguster nature, en salade de fruits, en smoothies ou même dans des plats salés pour un contraste sucré-salé, la pastèque est un incontournable des journées chaudes.",
    "variants": [
      {
        "variant_id": "30619C9A-7404-4244-BE66-ACFCE4659ABD",
        "variant_name": null,
        "price_cents": 790,
        "price_eur": 7.9,
        "unit_type": "unknown",
        "grams": null,
        "price_per_kg": null,
        "options": []
      }
    ],
    "rawVariantsExist": true,
    "category": "Fruits De Saison"
  },
  {
    "url": "https://lesdelicesduverger.com/article/peche-blanche",
    "title": "Pêche blanche",
    "image": "\n                https://images.sumup.com/img_5XDXEZFR478RW8S1XD3Y1HE62W/image.png",
    "description": "La pêche blanche est un fruit d'été apprécié pour sa chair juteuse, fine et sucrée. Elle se distingue par sa peau veloutée, généralement de couleur rose pâle à rouge, et sa chair blanche délicate.Plus savoureuse que la pêche jaune, elle est également plus fragile et se conserve moins longtemps. Ce fruit est idéal pour être consommé frais, en dessert ou en salade de fruits. Il est également utilisé dans la préparation de confitures, de compotes et de pâtisseries. La pêche blanche est une excellente source de vitamines et de minéraux, contribuant ainsi à une alimentation équilibrée.",
    "variants": [
      {
        "variant_id": "EED59C7A-F341-443F-82B7-263C85FBD839",
        "variant_name": "500g",
        "price_cents": 495,
        "price_eur": 4.95,
        "unit_type": "weight",
        "grams": 500,
        "price_per_kg": 9.9,
        "options": [
          {
            "name": "Poids",
            "value": "500g"
          }
        ]
      },
      {
        "variant_id": "666c25f0-31ac-422c-a9e2-347bd26e1bde",
        "variant_name": "1 kg",
        "price_cents": 990,
        "price_eur": 9.9,
        "unit_type": "weight",
        "grams": 1000,
        "price_per_kg": 9.9,
        "options": [
          {
            "name": "Poids",
            "value": "1 kg"
          }
        ]
      }
    ],
    "rawVariantsExist": true,
    "category": "Fruits De Saison"
  },
  {
    "url": "https://lesdelicesduverger.com/article/peche-jaune",
    "title": "Pêche jaune",
    "image": "\n                https://images.sumup.com/img_63BSTZMNE385ARA3AWQYXXZ0KT/image.png",
    "description": "La pêche jaune est un fruit estival par excellence, apprécié pour sa chair juteuse, sucrée et fondante. Sa peau veloutée varie du jaune doré au rouge orangé, offrant une apparence appétissante. Moins sucrée mais plus robuste que la pêche blanche, elle est idéale pour la cuisson, notamment dans les confitures, tartes, sorbets et gelées. Originaire de Chine, la pêche est aujourd'hui cultivée dans de nombreuses régions, notamment en France, où elle est récoltée de juin à septembre.",
    "variants": [
      {
        "variant_id": "F54BCBD4-EAFF-401E-B1ED-B988A7662807",
        "variant_name": "500g",
        "price_cents": 495,
        "price_eur": 4.95,
        "unit_type": "weight",
        "grams": 500,
        "price_per_kg": 9.9,
        "options": [
          {
            "name": "Poids",
            "value": "500g"
          }
        ]
      },
      {
        "variant_id": "1f5f7030-ae6d-49a6-8e59-145f341ecc56",
        "variant_name": "1 kg",
        "price_cents": 990,
        "price_eur": 9.9,
        "unit_type": "weight",
        "grams": 1000,
        "price_per_kg": 9.9,
        "options": [
          {
            "name": "Poids",
            "value": "1 kg"
          }
        ]
      }
    ],
    "rawVariantsExist": true,
    "category": "Fruits De Saison"
  },
  {
    "url": "https://lesdelicesduverger.com/article/peche-plate",
    "title": "Pêche plate",
    "image": "\n                https://images.sumup.com/img_0YJ5NXTK9N9CDRQ4S6CV8662H0/image.png",
    "description": "Pêche Plate - Douceur d'ÉtéSavourez la délicatesse de notre pêche plate, aussi appelée \"pêche donut\". Sa chair blanche, juteuse et sucrée fond littéralement en bouche. Peu acide, elle est parfaite pour une pause fraîcheur, un dessert léger ou une touche fruitée dans vos recettes estivales. Cultivée avec soin, elle séduit par sa forme originale et son parfum délicat.",
    "variants": [
      {
        "variant_id": "833DC304-1847-49BC-AD98-B4FEEA2E7F35",
        "variant_name": "500g",
        "price_cents": 595,
        "price_eur": 5.95,
        "unit_type": "weight",
        "grams": 500,
        "price_per_kg": 11.9,
        "options": [
          {
            "name": "Poids",
            "value": "500g"
          }
        ]
      },
      {
        "variant_id": "c58cc645-0969-4176-9f70-17ee614385b9",
        "variant_name": "1 kg",
        "price_cents": 1190,
        "price_eur": 11.9,
        "unit_type": "weight",
        "grams": 1000,
        "price_per_kg": 11.9,
        "options": [
          {
            "name": "Poids",
            "value": "1 kg"
          }
        ]
      }
    ],
    "rawVariantsExist": true,
    "category": "Fruits De Saison"
  },
  {
    "url": "https://lesdelicesduverger.com/article/poire-comice",
    "title": "Poire Comice",
    "image": "\n                https://images.sumup.com/img_3M77DM71H69F89E49H71J9NB44/image.png",
    "description": "Poire Comice - L'élégance sucrée des vergers françaisLa poire Comice est une variété française renommée pour sa chair fondante et son goût sucré. Issue du croisement entre la poire Beurré Hardy et la poire Doyenné, elle a été développée au XIXe siècle à Angers. Sa peau est fine, de couleur verte à jaune, souvent teintée de rouge sur la face exposée au soleil. Sa chair blanche est extrêmement juteuse, fondante et parfumée, offrant une expérience gustative exceptionnelle.",
    "variants": [
      {
        "variant_id": "60BA5FF5-6FC2-474D-9213-51A88A6658CC",
        "variant_name": "500g",
        "price_cents": 345,
        "price_eur": 3.45,
        "unit_type": "weight",
        "grams": 500,
        "price_per_kg": 6.9,
        "options": [
          {
            "name": "Poids",
            "value": "500g"
          }
        ]
      },
      {
        "variant_id": "81c58dde-4e98-4063-ac98-f29e313d78fd",
        "variant_name": "1kg",
        "price_cents": 690,
        "price_eur": 6.9,
        "unit_type": "weight",
        "grams": 1000,
        "price_per_kg": 6.9,
        "options": [
          {
            "name": "Poids",
            "value": "1kg"
          }
        ]
      }
    ],
    "rawVariantsExist": true,
    "category": "Fruits De Saison"
  },
  {
    "url": "https://lesdelicesduverger.com/article/poire-conference",
    "title": "Poire Conférence",
    "image": "\n                https://images.sumup.com/img_3AADQPD5WT8CVRSFQ01T2Z8GE9/image.png",
    "description": "Poire Conférence - L'élégance britannique au goût raffinéLa poire Conférence est une variété anglaise obtenue en 1884 par Thomas Rivers à Sawbridgeworth. Elle doit son nom au prix remporté lors de la Conférence nationale britannique de la poire à Londres en 1895.",
    "variants": [
      {
        "variant_id": "4C8ED5F2-4C39-4B4C-B025-77052B303827",
        "variant_name": "500g",
        "price_cents": 245,
        "price_eur": 2.45,
        "unit_type": "weight",
        "grams": 500,
        "price_per_kg": 4.9,
        "options": [
          {
            "name": "Poids",
            "value": "500g"
          }
        ]
      },
      {
        "variant_id": "13cd8e22-2765-4b25-8806-61110408ac9d",
        "variant_name": "1kg",
        "price_cents": 490,
        "price_eur": 4.9,
        "unit_type": "weight",
        "grams": 1000,
        "price_per_kg": 4.9,
        "options": [
          {
            "name": "Poids",
            "value": "1kg"
          }
        ]
      }
    ],
    "rawVariantsExist": true,
    "category": "Fruits De Saison"
  },
  {
    "url": "https://lesdelicesduverger.com/article/poire-william",
    "title": "Poire William",
    "image": "\n                https://images.sumup.com/img_6QP6N89GFC8VXR3K8N0BWXRZH9/image.png",
    "description": "Poire William - Fondante, Parfumée etIrrésistiblement SucréeLa poire William est une variété très appréciée pour sa chair fine, juteuse et fondante. Sa saveur douce et parfumée en fait un fruit de choix, aussi bien à croquer qu'à cuisiner. Riche en fibres, en vitamine C et en antioxydants, elle allie plaisir et bienfaits naturels.Délicieuse nature, en salade de fruits, en compote, en pâtisserie ou même pochée, la poire William apporte élégance et douceur à chaque bouchée.",
    "variants": [
      {
        "variant_id": "A7EFAEFD-9CFE-43F3-A983-4C965A6FC2F2",
        "variant_name": "500g",
        "price_cents": 295,
        "price_eur": 2.95,
        "unit_type": "weight",
        "grams": 500,
        "price_per_kg": 5.9,
        "options": [
          {
            "name": "Poids",
            "value": "500g"
          }
        ]
      },
      {
        "variant_id": "de49ea75-f92a-476d-a39e-ea0abeb120ee",
        "variant_name": "1 kg",
        "price_cents": 590,
        "price_eur": 5.9,
        "unit_type": "weight",
        "grams": 1000,
        "price_per_kg": 5.9,
        "options": [
          {
            "name": "Poids",
            "value": "1 kg"
          }
        ]
      }
    ],
    "rawVariantsExist": true,
    "category": "Fruits De Saison"
  },
  {
    "url": "https://lesdelicesduverger.com/article/pomme-boskoop",
    "title": "Pomme Boskoop",
    "image": "\n                https://images.sumup.com/img_2EKKR7RE658KJV9A9W21P9AB6E/image.png",
    "description": "Pomme Boskoop - La reine des pommes à cuireLa pomme Boskoop est une variété ancienne originaire de Boskoop, aux Pays-Bas, découverte en 1856. Appréciée pour sa chair ferme et acidulée, elle est idéale pour la cuisson, notamment dans les tartes et compotes.",
    "variants": [
      {
        "variant_id": "B61A7DAE-B317-47CC-B462-344C163DD41F",
        "variant_name": "500g",
        "price_cents": 195,
        "price_eur": 1.95,
        "unit_type": "weight",
        "grams": 500,
        "price_per_kg": 3.9,
        "options": [
          {
            "name": "Poids",
            "value": "500g"
          }
        ]
      },
      {
        "variant_id": "9a962d7d-dd41-4995-ae6a-4d5dbf344eef",
        "variant_name": "1kg",
        "price_cents": 390,
        "price_eur": 3.9,
        "unit_type": "weight",
        "grams": 1000,
        "price_per_kg": 3.9,
        "options": [
          {
            "name": "Poids",
            "value": "1kg"
          }
        ]
      }
    ],
    "rawVariantsExist": true,
    "category": "Fruits De Saison"
  },
  {
    "url": "https://lesdelicesduverger.com/article/pomme-canada",
    "title": "Pomme Canada",
    "image": "\n                https://images.sumup.com/img_6WFKP476CH9TS873TJEGD7BCHM/image.png",
    "description": "Pomme Canada Grise - La tradition rustique au service de la gourmandiseLa pomme Canada Grise est une variété ancienne, apparue en France au début du XIXe siècle. Malgré son nom, elle est d'origine française et est prisée pour sa chair tendre et sucrée, ainsi que pour sa peau rugueuse de couleur gris-vert.",
    "variants": [
      {
        "variant_id": "4F571E78-B05B-4B88-82FB-1BD98AFFA7DE",
        "variant_name": "500g",
        "price_cents": 195,
        "price_eur": 1.95,
        "unit_type": "weight",
        "grams": 500,
        "price_per_kg": 3.9,
        "options": [
          {
            "name": "Poids",
            "value": "500g"
          }
        ]
      },
      {
        "variant_id": "0a6db9c3-a798-4458-a15c-14feeaba6742",
        "variant_name": "1kg",
        "price_cents": 390,
        "price_eur": 3.9,
        "unit_type": "weight",
        "grams": 1000,
        "price_per_kg": 3.9,
        "options": [
          {
            "name": "Poids",
            "value": "1kg"
          }
        ]
      }
    ],
    "rawVariantsExist": true,
    "category": "Fruits De Saison"
  },
  {
    "url": "https://lesdelicesduverger.com/article/pomme-chantecler",
    "title": "Pomme Chantecler",
    "image": "\n                https://images.sumup.com/img_1PVEHAJ1GM9RCS8KWKBQNCAVND/image.png",
    "description": "Pomme Chantecler - L'équilibre parfait entre douceur et aciditéLa pomme Chantecler est une variété française issue du croisement entre la Golden Delicious et la Reinette Clochard, développée par l'INRA dans les années1970 . Elle se distingue par sa forme légèrement aplatie et sa peau jaune doré, parsemée de lenticelles, lui conférant un aspect rustique.",
    "variants": [
      {
        "variant_id": "A2679D5A-C7FA-43BB-A6A0-8B7AEB8EB37E",
        "variant_name": "500g",
        "price_cents": 245,
        "price_eur": 2.45,
        "unit_type": "weight",
        "grams": 500,
        "price_per_kg": 4.9,
        "options": [
          {
            "name": "Poids",
            "value": "500g"
          }
        ]
      },
      {
        "variant_id": "d9abbf28-972e-4e79-acce-37d2b8903248",
        "variant_name": "1kg",
        "price_cents": 490,
        "price_eur": 4.9,
        "unit_type": "weight",
        "grams": 1000,
        "price_per_kg": 4.9,
        "options": [
          {
            "name": "Poids",
            "value": "1kg"
          }
        ]
      }
    ],
    "rawVariantsExist": true,
    "category": "Fruits De Saison"
  },
  {
    "url": "https://lesdelicesduverger.com/article/pomme-fuji",
    "title": "Pomme Fuji",
    "image": "\n                https://images.sumup.com/img_0HV8V50K069Q1B2MFNV7WPQMYX/image.png",
    "description": "Pomme Fuji - Douceur et croquant d'origine japonaiseLa pomme Fuji est une variété originaire duJapon, issue du croisement entre les variétés américaines 'Ralls Janet' et 'Red Delicious' dans les années 1930 . Elle se distingue par sa peau rouge rosé à rouge foncé, parfois striée, et sa chair ferme, croquante et juteuse. Son goût est très sucré, avec peu d'acidité, ce qui en fait l'une des pommes les plus sucrées au monde . Elle est idéale à déguster crue, en salade, en jus ou en dessert.",
    "variants": [
      {
        "variant_id": "0A6C5A3E-9423-4208-BF3C-C941174B1A8A",
        "variant_name": "500g",
        "price_cents": 245,
        "price_eur": 2.45,
        "unit_type": "weight",
        "grams": 500,
        "price_per_kg": 4.9,
        "options": [
          {
            "name": "Poids",
            "value": "500g"
          }
        ]
      },
      {
        "variant_id": "9a8c0f41-ed13-4e84-b751-567163f928c4",
        "variant_name": "1kg",
        "price_cents": 490,
        "price_eur": 4.9,
        "unit_type": "weight",
        "grams": 1000,
        "price_per_kg": 4.9,
        "options": [
          {
            "name": "Poids",
            "value": "1kg"
          }
        ]
      }
    ],
    "rawVariantsExist": true,
    "category": "Fruits De Saison"
  },
  {
    "url": "https://lesdelicesduverger.com/article/pomme-gala",
    "title": "Pomme Gala",
    "image": "\n                https://images.sumup.com/img_527EVHGZBR8NPBHWQFTWXY7YZ9/image.png",
    "description": "La pomme Gala est une variété très appréciée pour sa texture croquante, son arôme délicat et sa chair sucrée. Elle présente une peau fine, souvent rouge orangé avec des rayures jaunes. Parfaite pour une collation saine, en salade ou en jus, la Gala est cultivée dans de nombreuses régions du monde, notamment en Europe, en Amérique du Nord et en Afrique du Nord.",
    "variants": [
      {
        "variant_id": "8CBC9270-5DCF-40DD-8A0E-8E135901FC90",
        "variant_name": "500g",
        "price_cents": 245,
        "price_eur": 2.45,
        "unit_type": "weight",
        "grams": 500,
        "price_per_kg": 4.9,
        "options": [
          {
            "name": "Poids",
            "value": "500g"
          }
        ]
      },
      {
        "variant_id": "345837d9-0290-4f5d-97e7-0a6852a2adb9",
        "variant_name": "1kg",
        "price_cents": 490,
        "price_eur": 4.9,
        "unit_type": "weight",
        "grams": 1000,
        "price_per_kg": 4.9,
        "options": [
          {
            "name": "Poids",
            "value": "1kg"
          }
        ]
      }
    ],
    "rawVariantsExist": true,
    "category": "Fruits De Saison"
  },
  {
    "url": "https://lesdelicesduverger.com/article/pomme-golden",
    "title": "Pomme Golden",
    "image": "\n                https://images.sumup.com/img_38VJGAQ1DC8F6BJ458PJMYZ7DF/image.png",
    "description": "Pomme Golden Delicious - Douceur et polyvalence en toute saisonLa pomme Golden Delicious est une variété emblématique, appréciée pour sa saveur sucrée et sa texture croquante.Originaire des Etats-Unis, elle est le fruit d'un croisement fortuit entre 'Grimes Golden' et 'Reine des Reinettes', découvert en Virginie-Occidentale à la fin du XIXe siècle.",
    "variants": [
      {
        "variant_id": "43A25BB1-F7B4-4B76-838F-C9D146659487",
        "variant_name": "500g",
        "price_cents": 245,
        "price_eur": 2.45,
        "unit_type": "weight",
        "grams": 500,
        "price_per_kg": 4.9,
        "options": [
          {
            "name": "Poids",
            "value": "500g"
          }
        ]
      },
      {
        "variant_id": "7630fa52-68eb-4f5c-9db5-093320ce45c4",
        "variant_name": "1kg",
        "price_cents": 490,
        "price_eur": 4.9,
        "unit_type": "weight",
        "grams": 1000,
        "price_per_kg": 4.9,
        "options": [
          {
            "name": "Poids",
            "value": "1kg"
          }
        ]
      }
    ],
    "rawVariantsExist": true,
    "category": "Fruits De Saison"
  },
  {
    "url": "https://lesdelicesduverger.com/article/pomme-granny",
    "title": "Pomme Granny",
    "image": "\n                https://images.sumup.com/img_60H413VRMK976SGRYRR7TKEW67/image.png",
    "description": "Pomme Granny Smith - La fraîcheur acidulée par excellenceLa Granny Smith est une variété de pomme originaire d'Australie, découverte en 1868 par Maria Ann Smith. Elle est reconnaissable à sa peau lisse d'un vert éclatant et à sa chair blanche, ferme et croquante. Son goût acidulé en fait un fruit rafraîchissant, apprécié aussi bien cru que cuit.",
    "variants": [
      {
        "variant_id": "3D036D2B-13BB-46B2-B81B-7BA835D75E79",
        "variant_name": "500g",
        "price_cents": 245,
        "price_eur": 2.45,
        "unit_type": "weight",
        "grams": 500,
        "price_per_kg": 4.9,
        "options": [
          {
            "name": "Poids",
            "value": "500g"
          }
        ]
      },
      {
        "variant_id": "45e9a612-ef00-49ce-ad2c-d7c5c9ee20b6",
        "variant_name": "1kg",
        "price_cents": 490,
        "price_eur": 4.9,
        "unit_type": "weight",
        "grams": 1000,
        "price_per_kg": 4.9,
        "options": [
          {
            "name": "Poids",
            "value": "1kg"
          }
        ]
      }
    ],
    "rawVariantsExist": true,
    "category": "Fruits De Saison"
  },
  {
    "url": "https://lesdelicesduverger.com/article/pomme-jazz",
    "title": "Pomme Jazz",
    "image": "\n                https://images.sumup.com/img_0P2B45R9S59JHV0MH9GQ5DNKRR/image.png",
    "description": "La pomme Jazz est une variété moderne issue du croisement entre les célèbresGala et Braeburn, développée en Nouvelle-Zélande dans les années 1980. Elle est appréciée pour sa texture croquante, sa jutosité et son goût sucré-acidulé bienéquilibré.",
    "variants": [
      {
        "variant_id": "417DCED7-AB50-4F46-A4F4-80BCA5889B1E",
        "variant_name": "500g",
        "price_cents": 245,
        "price_eur": 2.45,
        "unit_type": "weight",
        "grams": 500,
        "price_per_kg": 4.9,
        "options": [
          {
            "name": "Poids ",
            "value": "500g"
          }
        ]
      },
      {
        "variant_id": "d1e5775c-c1fd-4273-9e3c-ec09f1aa82ee",
        "variant_name": "1kg",
        "price_cents": 490,
        "price_eur": 4.9,
        "unit_type": "weight",
        "grams": 1000,
        "price_per_kg": 4.9,
        "options": [
          {
            "name": "Poids ",
            "value": "1kg"
          }
        ]
      }
    ],
    "rawVariantsExist": true,
    "category": "Fruits De Saison"
  },
  {
    "url": "https://lesdelicesduverger.com/article/pomme-juliet-bio",
    "title": "Pomme Juliet bio",
    "image": "\n                https://images.sumup.com/img_41JNFWBATB9G0TF41BNV1PWK6Y/image.png",
    "description": "Pomme Juliet® Bio - L'excellence française en agriculture biologiqueLa pomme Juliet® est une variété unique au monde, cultivée exclusivement en agriculture biologique en France depuis2005. Elle est reconnue pour sa chair sucrée, juteuse et croquante, ainsi que pour sa peau bicolore rouge vif sur fond jaune. Sa saveur subtilement acidulée et persistante en fait un fruit idéal à croquer ou à cuisiner.",
    "variants": [
      {
        "variant_id": "C8E2C592-5A3C-405B-A91D-30977F651111",
        "variant_name": "500g",
        "price_cents": 245,
        "price_eur": 2.45,
        "unit_type": "weight",
        "grams": 500,
        "price_per_kg": 4.9,
        "options": [
          {
            "name": "Poids",
            "value": "500g"
          }
        ]
      },
      {
        "variant_id": "22ac2149-03d3-4d77-af46-77bbf9915441",
        "variant_name": "1kg",
        "price_cents": 490,
        "price_eur": 4.9,
        "unit_type": "weight",
        "grams": 1000,
        "price_per_kg": 4.9,
        "options": [
          {
            "name": "Poids",
            "value": "1kg"
          }
        ]
      }
    ],
    "rawVariantsExist": true,
    "category": "Fruits De Saison"
  },
  {
    "url": "https://lesdelicesduverger.com/article/pomme-pink-lady",
    "title": "Pomme Pink Lady",
    "image": "\n                https://images.sumup.com/img_08NEEGKR698DQR57QS4TDE2SYF/image.png",
    "description": "Pomme Pink Lady® - L'équilibre parfait entre douceur et acidité La pomme Pink Lady® est le fruit d'une sélection rigoureuse des meilleures pommes des variétés Cripps Pink, Rosy Glow ou Sekzie. Elle se distingue par sa peau rose pâle à rouge vif sur fond jaune-vert, sa chair blanche croquante et juteuse, et son goût unique mêlant douceur et acidité. Ses arômes subtils de miel, vanille, rose et épices en font une pomme très appréciée des consommateurs.",
    "variants": [
      {
        "variant_id": "B701BC49-4092-42E9-91EC-0269855A84B5",
        "variant_name": "500g",
        "price_cents": 245,
        "price_eur": 2.45,
        "unit_type": "weight",
        "grams": 500,
        "price_per_kg": 4.9,
        "options": [
          {
            "name": "Poids",
            "value": "500g"
          }
        ]
      },
      {
        "variant_id": "ce8cbd63-0fa7-43ea-a041-d6cfcc0ae209",
        "variant_name": "1kg",
        "price_cents": 490,
        "price_eur": 4.9,
        "unit_type": "weight",
        "grams": 1000,
        "price_per_kg": 4.9,
        "options": [
          {
            "name": "Poids",
            "value": "1kg"
          }
        ]
      }
    ],
    "rawVariantsExist": true,
    "category": "Fruits De Saison"
  },
  {
    "url": "https://lesdelicesduverger.com/article/prunes-jaune",
    "title": "Prunes jaune",
    "image": "\n                https://images.sumup.com/img_1C9ASRPEX2829BKMN8YMXD3ACN/image.png",
    "description": "Prune Jaune - Sucrée, Juteuse et Pleine de DouceurLa prune jaune séduit par sa peau dorée, sa chair juteuse et son goût délicatement sucré. Riche en fibres, en vitamines A et C, ainsi qu'en antioxydants, elle est parfaite pour une pause gourmande et saine.À déguster nature, en salade de fruits, en confiture ou en tarte, la prune jaune apporte une touche de soleil et de fraîcheur à toutes vos envies sucrées.",
    "variants": [
      {
        "variant_id": "DF9C91AA-324E-48A3-9687-3BE70DFBEE97",
        "variant_name": "500g",
        "price_cents": 295,
        "price_eur": 2.95,
        "unit_type": "weight",
        "grams": 500,
        "price_per_kg": 5.9,
        "options": [
          {
            "name": "Poids",
            "value": "500g"
          }
        ]
      },
      {
        "variant_id": "a905a1f0-0f98-4f05-96de-0f354d2d5adc",
        "variant_name": "1 kg",
        "price_cents": 590,
        "price_eur": 5.9,
        "unit_type": "weight",
        "grams": 1000,
        "price_per_kg": 5.9,
        "options": [
          {
            "name": "Poids",
            "value": "1 kg"
          }
        ]
      }
    ],
    "rawVariantsExist": true,
    "category": "Fruits De Saison"
  },
  {
    "url": "https://lesdelicesduverger.com/article/prunes-violette",
    "title": "Prunes violette",
    "image": "\n                https://images.sumup.com/img_3V4PXRYNPX94RAXQ4C8RRGR8WP/image.png",
    "description": "Prunes Violettes - Sucrées, Juteuses etPleines de CaractèreLes prunes violettes se distinguent par leur peau sombre et leur chair tendre, à la fois douce et légèrement acidulée. Riche en fibres, en vitamines A, C et en antioxydants, ce fruit gourmand est idéal pour soutenir une alimentation saine et équilibrée.À déguster fraîches, en confitures, en tartes ou en compotes, les prunes violettes apportent saveur et richesse à toutes vos recettes de saison.",
    "variants": [
      {
        "variant_id": "75475506-B015-40EA-9820-B737FE40854F",
        "variant_name": "500g",
        "price_cents": 295,
        "price_eur": 2.95,
        "unit_type": "weight",
        "grams": 500,
        "price_per_kg": 5.9,
        "options": [
          {
            "name": "Poids",
            "value": "500g"
          }
        ]
      },
      {
        "variant_id": "0762968a-494a-480c-9839-4bb8413ae8bd",
        "variant_name": "1 kg",
        "price_cents": 590,
        "price_eur": 5.9,
        "unit_type": "weight",
        "grams": 1000,
        "price_per_kg": 5.9,
        "options": [
          {
            "name": "Poids",
            "value": "1 kg"
          }
        ]
      }
    ],
    "rawVariantsExist": true,
    "category": "Fruits De Saison"
  },
  {
    "url": "https://lesdelicesduverger.com/article/raisins-blanc-sans-pepins",
    "title": "Raisins blanc sans pépins",
    "image": "\n                https://images.sumup.com/img_05YRKJR7PD8HCR167RHG1VR775/image.png",
    "description": "Raisins Blancs Sans Pépins - Doux, Juteux et Facile à MangerLes raisins blancs sans pépins sont un délice sucré et juteux, parfaits pour les amateurs de fruits frais. Leur texture croquante et leur saveur douce et fruitée en font une collation idéale, sans la contrainte des pépins. Riches en antioxydants, en vitamines C et K, ces raisins sont une source de fraîcheur et de bienfaits.À déguster seuls, dans des salades de fruits, ou accompagnant fromages et desserts, les raisins blancs sans pépins sont une option saine et pratique pour toute la famille.",
    "variants": [
      {
        "variant_id": "745C123D-D724-47A5-8726-27F8D37CC331",
        "variant_name": "500g",
        "price_cents": 495,
        "price_eur": 4.95,
        "unit_type": "weight",
        "grams": 500,
        "price_per_kg": 9.9,
        "options": [
          {
            "name": "Poids",
            "value": "500g"
          }
        ]
      },
      {
        "variant_id": "b8902c48-d6fd-4461-bfbf-b4d1305e178b",
        "variant_name": "1 kg",
        "price_cents": 990,
        "price_eur": 9.9,
        "unit_type": "weight",
        "grams": 1000,
        "price_per_kg": 9.9,
        "options": [
          {
            "name": "Poids",
            "value": "1 kg"
          }
        ]
      }
    ],
    "rawVariantsExist": true,
    "category": "Fruits De Saison"
  },
  {
    "url": "https://lesdelicesduverger.com/article/raisins-rouge-sans-pepins",
    "title": "Raisins rouge sans pépins",
    "image": "\n                https://images.sumup.com/img_4YVCS034S79NDAE4TPQQ14ZS64/image.png",
    "description": "Raisins Rouges Sans Pépins - Sucrés, Juteux et PratiquesLes raisins rouges sans pépins sont un véritable plaisir pour les papilles avec leur douceur naturelle et leur texture croquante. Leur saveur riche et fruitée est parfaite pour les amateurs de fruits frais, tout en étant pratiques à manger grâce à l'absence de pépins. Ils sont riches en antioxydants, vitamines C et K, et offrent de nombreux bienfaits pour la santé.À savourer seuls, dans une salade de fruits, ou en accompagnement de fromages, desserts et pâtisseries, les raisins rouges sans pépins sont l'option idéale pour un en-cas frais et nutritif.",
    "variants": [
      {
        "variant_id": "0057E05D-CC5B-414C-83AF-31D61F7116DC",
        "variant_name": "500g",
        "price_cents": 495,
        "price_eur": 4.95,
        "unit_type": "weight",
        "grams": 500,
        "price_per_kg": 9.9,
        "options": [
          {
            "name": "Poids",
            "value": "500g"
          }
        ]
      },
      {
        "variant_id": "d6afb4c1-a6f5-4989-bb3f-b2a424322e68",
        "variant_name": "1 kg",
        "price_cents": 990,
        "price_eur": 9.9,
        "unit_type": "weight",
        "grams": 1000,
        "price_per_kg": 9.9,
        "options": [
          {
            "name": "Poids",
            "value": "1 kg"
          }
        ]
      }
    ],
    "rawVariantsExist": true,
    "category": "Fruits De Saison"
  },
  {
    "url": "https://lesdelicesduverger.com/article/ananas-costa-rica",
    "title": "Ananas Costa Rica",
    "image": "\n                https://images.sumup.com/img_3098J52BR78C9B1K4R87QPZ67P/image.png",
    "description": "Ananas du Costa Rica – Un fruit d’exceptionCultivé sous le soleil tropical du Costa Rica, notre ananas est reconnu dans le monde entier pour sa qualité supérieure. Récolté à parfaite maturité, il se distingue par sa chair juteuse, sa texture fondante et sa douceur naturellement intense.",
    "variants": [
      {
        "variant_id": "3C992948-84E0-427D-A36D-F29C2850D956",
        "variant_name": null,
        "price_cents": 590,
        "price_eur": 5.9,
        "unit_type": "unknown",
        "grams": null,
        "price_per_kg": null,
        "options": []
      }
    ],
    "rawVariantsExist": true,
    "category": "Fruits exotiques"
  },
  {
    "url": "https://lesdelicesduverger.com/article/ananas-pain-de-sucre",
    "title": "Ananas Pain de sucre",
    "image": "\n                https://images.sumup.com/img_1RN8HNR9RM92YAMXZP1MFTMTQ2/image.png",
    "description": "Ananas du Bénin – L’or sucré de l’Afrique de l’OuestCultivé sous le soleil généreux du sud du Bénin, l’ananas béninois est reconnu pour sa qualité exceptionnelle, son goût sucré et sa chair juteuse. Deux principales variétés y sont produites : le Pain de Sucre, à chair blanche et douce, et la Cayenne lisse, plus acidulée, parfaite pour la transformation.",
    "variants": [
      {
        "variant_id": "3EF837F5-75A5-4B46-A7C2-23E83F6528A3",
        "variant_name": null,
        "price_cents": 990,
        "price_eur": 9.9,
        "unit_type": "unknown",
        "grams": null,
        "price_per_kg": null,
        "options": []
      }
    ],
    "rawVariantsExist": true,
    "category": "Fruits exotiques"
  },
  {
    "url": "https://lesdelicesduverger.com/article/ananas-victoria",
    "title": "Ananas Victoria",
    "image": "\n                https://images.sumup.com/img_7AP7FQVJ8T8XPA7J1M13F8RFNP/image.png",
    "description": "Ananas Victoria - Douceur Exotique de l'îleSavourez l'excellence de l'ananasVictoria, le roi des fruits tropicaux ! Cultivé principalement à l'Ile de la Réunion, ce petit fruit doré est reconnu pour sa chair juteuse, sucrée et parfumée, bien plus intense que celle des ananas classiques.",
    "variants": [
      {
        "variant_id": "DF4BE7DA-BC0C-4F1B-A965-8B1EBE2F4165",
        "variant_name": null,
        "price_cents": 890,
        "price_eur": 8.9,
        "unit_type": "unknown",
        "grams": null,
        "price_per_kg": null,
        "options": []
      }
    ],
    "rawVariantsExist": true,
    "category": "Fruits exotiques"
  },
  {
    "url": "https://lesdelicesduverger.com/article/avocat",
    "title": "Avocat",
    "image": "\n                https://images.sumup.com/img_6ZNN28Y2039F4RTTZB8ATFDKKR/image.png",
    "description": "L’avocat est un fruit à la chair onctueuse, riche en nutriments essentiels. Cultivé sous des climats tropicaux et méditerranéens, il séduit par sa texture crémeuse et sa saveur délicatement beurrée. Idéal pour vos salades, tartines ou smoothies, il est également un ingrédient incontournable du guacamole.",
    "variants": [
      {
        "variant_id": "BF7E49F4-FF07-4679-931B-8B834E7B3504",
        "variant_name": "Une pièce ",
        "price_cents": 295,
        "price_eur": 2.95,
        "unit_type": "unknown",
        "grams": null,
        "price_per_kg": null,
        "options": [
          {
            "name": "Promo",
            "value": "Une pièce "
          }
        ]
      },
      {
        "variant_id": "d2539ccd-2854-4eb6-98ae-670335f9f7ba",
        "variant_name": "Deux pièces ",
        "price_cents": 500,
        "price_eur": 5,
        "unit_type": "unknown",
        "grams": null,
        "price_per_kg": null,
        "options": [
          {
            "name": "Promo",
            "value": "Deux pièces "
          }
        ]
      }
    ],
    "rawVariantsExist": true,
    "category": "Fruits exotiques"
  },
  {
    "url": "https://lesdelicesduverger.com/article/banane-martinique",
    "title": "Banane Martinique",
    "image": "\n                https://images.sumup.com/img_1P9YH497949PAS0CFCWBFRYZB5/image.png",
    "description": "Savoureuse et naturellement sucrée, la banane de Martinique est un fruit emblématique des Antilles françaises.Récoltée à parfaite maturité sur les terres volcaniques riches de l'ile, elle se distingue par sa chair ferme, fondante et délicatement parfumée.",
    "variants": [
      {
        "variant_id": "7BF16011-E4BE-44B8-8474-8F08229A978F",
        "variant_name": "500g",
        "price_cents": 145,
        "price_eur": 1.45,
        "unit_type": "weight",
        "grams": 500,
        "price_per_kg": 2.9,
        "options": [
          {
            "name": "Poids",
            "value": "500g"
          }
        ]
      },
      {
        "variant_id": "dcd3c5ec-7867-487a-a051-16b363a0d00c",
        "variant_name": "1kg",
        "price_cents": 290,
        "price_eur": 2.9,
        "unit_type": "weight",
        "grams": 1000,
        "price_per_kg": 2.9,
        "options": [
          {
            "name": "Poids",
            "value": "1kg"
          }
        ]
      }
    ],
    "rawVariantsExist": true,
    "category": "Fruits exotiques"
  },
  {
    "url": "https://lesdelicesduverger.com/article/datte-d-algerie",
    "title": "Datte d’Algérie",
    "image": "\n                https://images.sumup.com/img_68F0JEBD3E863SZPZD43FKB2G7/image.png",
    "description": "Les dattes Deglet Nour, surnommées « doigts de lumière », sont une variété emblématique originaire de l'oasis de Tolga, près de Biskra, en Algérie. Elles se distinguent par leur texture moelleuse, leur couleur dorée translucide et leur goût délicatement sucré aux notes de miel. Ce fruit est riche en fibres, vitamines (notamment B et C) et minéraux essentiels comme le potassium et le magnésium. Les dattes Deglet Nour sont souvent consommées telles quelles, mais elles sont également utilisées dans la préparation de pâtisseries, de smoothies ou de plats sucrés-salés. L'Algérie est l'un des principaux producteurs mondiaux de dattes, avec une production annuelle dépassant les 450 000 tonnes, dont une grande partie est destinée à l'exportation.",
    "variants": [
      {
        "variant_id": "6C2D8607-BF1F-441C-A608-AE199C016220",
        "variant_name": "250g",
        "price_cents": 325,
        "price_eur": 3.25,
        "unit_type": "weight",
        "grams": 250,
        "price_per_kg": 13,
        "options": [
          {
            "name": "Poids",
            "value": "250g"
          }
        ]
      },
      {
        "variant_id": "32e9ee3a-72b0-4566-ae99-47b69991bc4e",
        "variant_name": "500",
        "price_cents": 650,
        "price_eur": 6.5,
        "unit_type": "weight",
        "grams": 500,
        "price_per_kg": 13,
        "options": [
          {
            "name": "Poids",
            "value": "500"
          }
        ]
      }
    ],
    "rawVariantsExist": true,
    "category": "Fruits exotiques"
  },
  {
    "url": "https://lesdelicesduverger.com/article/datte-medjoul",
    "title": "Datte Medjoul",
    "image": "\n                https://images.sumup.com/img_75BKTW4G619NGSRGGPXGDAH148/image.png",
    "description": "Les dattes Mediool sont connues comme les \"reines des dattes\" en raison de leur grande taille, de leur chair fondante et de leur goût riche et sucré, proche du caramel. Originaires du Maroc, elles sont aujourd'hui cultivées dans plusieurs régions du monde, notamment en Palestine, en Jordanie, en Israël et en Californie.Elles sont naturellement sucrées, sans sucre ajouté, riches en fibres, potassium, magnésium et antioxydants. Idéales comme collation saine, elles sont aussi utilisées dans les pâtisseries, les smoothies, ou comme substitut naturel de sucre.",
    "variants": [
      {
        "variant_id": "3AFC0EE7-6E08-459A-AF3A-66D0B13D9396",
        "variant_name": "250g",
        "price_cents": 575,
        "price_eur": 5.75,
        "unit_type": "weight",
        "grams": 250,
        "price_per_kg": 23,
        "options": [
          {
            "name": "Poids ",
            "value": "250g"
          }
        ]
      },
      {
        "variant_id": "172baf75-6ab7-4389-b4d2-fd7321345102",
        "variant_name": "500g",
        "price_cents": 1150,
        "price_eur": 11.5,
        "unit_type": "weight",
        "grams": 500,
        "price_per_kg": 23,
        "options": [
          {
            "name": "Poids ",
            "value": "500g"
          }
        ]
      }
    ],
    "rawVariantsExist": true,
    "category": "Fruits exotiques"
  },
  {
    "url": "https://lesdelicesduverger.com/article/fruits-de-la-passion",
    "title": "Fruits de la passion",
    "image": "\n                https://images.sumup.com/img_4HX36FWQ5J82YTYX6PPF23AVHB/image.png",
    "description": "Le fruit de la passion, également connu sous le nom de maracuja, est le fruit de la passiflore, une plante grimpante tropicale.Il se présente sous la forme d'une petite sphère de 4 à 8 cm de diamètre, avec une peau épaisse et lisse de couleur pourpre foncé ou jaune, selon la variété. À l'intérieur, on trouve une pulpe juteuse et aromatique, contenant de nombreuses graines noires comestibles.Son goût est à la fois sucré et acidulé, avec des notes d'agrumes et de melon. Le fruit de la passion est riche en vitamines A et C, en potassium, en fer et en antioxydants, ce qui en fait un aliment bénéfique pour la santé.",
    "variants": [
      {
        "variant_id": "B78EBA01-3EB0-43F2-8AAE-88228BC6BF17",
        "variant_name": "250g",
        "price_cents": 600,
        "price_eur": 6,
        "unit_type": "weight",
        "grams": 250,
        "price_per_kg": 24,
        "options": [
          {
            "name": "Poids",
            "value": "250g"
          }
        ]
      },
      {
        "variant_id": "13d8b7af-344d-4ca0-9b96-be8120dd79de",
        "variant_name": "500g",
        "price_cents": 1200,
        "price_eur": 12,
        "unit_type": "weight",
        "grams": 500,
        "price_per_kg": 24,
        "options": [
          {
            "name": "Poids",
            "value": "500g"
          }
        ]
      }
    ],
    "rawVariantsExist": true,
    "category": "Fruits exotiques"
  },
  {
    "url": "https://lesdelicesduverger.com/article/kiwi-jaune",
    "title": "Kiwi jaune",
    "image": "\n                https://images.sumup.com/img_25V144AHC09A98ZRMY3BQJDBST/image.png",
    "description": "Découvrez le kiwi jaune Zespri, un fruit d’exception à la peau lisse et à la chair dorée, naturellement sucrée et intensément savoureuse.",
    "variants": [
      {
        "variant_id": "47AE2C15-D805-4E4E-BD92-1E9375F9B3E9",
        "variant_name": "1 pièce ",
        "price_cents": 195,
        "price_eur": 1.95,
        "unit_type": "unknown",
        "grams": null,
        "price_per_kg": null,
        "options": [
          {
            "name": "Promo",
            "value": "1 pièce "
          }
        ]
      },
      {
        "variant_id": "560b9351-d942-47cc-b5a0-ba2c55959736",
        "variant_name": "3 pièces ",
        "price_cents": 500,
        "price_eur": 5,
        "unit_type": "unknown",
        "grams": null,
        "price_per_kg": null,
        "options": [
          {
            "name": "Promo",
            "value": "3 pièces "
          }
        ]
      }
    ],
    "rawVariantsExist": true,
    "category": "Fruits exotiques"
  },
  {
    "url": "https://lesdelicesduverger.com/article/kiwi-vert",
    "title": "Kiwi vert",
    "image": "\n                https://images.sumup.com/img_19HVNWCJVS9PX99C1BQT71R096/image.png",
    "description": "Succombez à la fraîcheur du Kiwi Vert Label Rouge, cultivé au cœur de la vallée de l’Adour, dans le sud-ouest de la France. Ce fruit d’exception, reconnu pour sa qualité gustative supérieure, est le seul kiwi français à bénéficier d’un Label Rouge et d’une Indication Géographique Protégée (IGP).",
    "variants": [
      {
        "variant_id": "32CB564C-790A-4C5E-8A34-23903D5B5940",
        "variant_name": "1 pièce ",
        "price_cents": 150,
        "price_eur": 1.5,
        "unit_type": "unknown",
        "grams": null,
        "price_per_kg": null,
        "options": [
          {
            "name": "Promo",
            "value": "1 pièce "
          }
        ]
      },
      {
        "variant_id": "528281f0-bfe7-443c-8faa-7ea5e1eabeaf",
        "variant_name": "3 pièces ",
        "price_cents": 400,
        "price_eur": 4,
        "unit_type": "unknown",
        "grams": null,
        "price_per_kg": null,
        "options": [
          {
            "name": "Promo",
            "value": "3 pièces "
          }
        ]
      }
    ],
    "rawVariantsExist": true,
    "category": "Fruits exotiques"
  },
  {
    "url": "https://lesdelicesduverger.com/article/mangue-kent-par-avion",
    "title": "Mangue Kent (par avion)",
    "image": "\n                https://images.sumup.com/img_7RC9QHS2HE8P1BZTTERKKS312D/image.png",
    "description": "Savourez l’excellence de la mangue avion du Pérou, cueillie à pleine maturité sur l’arbre et acheminée par avion pour garantir une fraîcheur optimale. Grâce à ce mode de transport rapide, la mangue conserve toute sa saveur sucrée, sa texture fondante et son parfum délicat.",
    "variants": [
      {
        "variant_id": "845AC63A-16C8-45D2-B584-04C6ED91F2C3",
        "variant_name": null,
        "price_cents": 860,
        "price_eur": 8.6,
        "unit_type": "unknown",
        "grams": null,
        "price_per_kg": null,
        "options": []
      }
    ],
    "rawVariantsExist": true,
    "category": "Fruits exotiques"
  },
  {
    "url": "https://lesdelicesduverger.com/article/fraise-clery-brq-500g",
    "title": "Fraise Clery (BRQ 500g)",
    "image": "\n                https://images.sumup.com/img_2PMNVQWF118QMAGDD4DRS4FYC0/image.png",
    "description": "La fraise Cléry de Carpentras est une variété emblématique du Vaucluse, réputée pour sa qualité gustative et sa précocité.",
    "variants": [
      {
        "variant_id": "939023C7-7F4F-4BA5-8BA3-687FCF4EBEE7",
        "variant_name": "1 barquette ",
        "price_cents": 795,
        "price_eur": 7.95,
        "unit_type": "unknown",
        "grams": null,
        "price_per_kg": null,
        "options": [
          {
            "name": "Promo",
            "value": "1 barquette "
          }
        ]
      },
      {
        "variant_id": "1d4fab19-48f1-4be5-a4bb-f3e2fa3e6e6f",
        "variant_name": "2 barquettes ",
        "price_cents": 1500,
        "price_eur": 15,
        "unit_type": "unknown",
        "grams": null,
        "price_per_kg": null,
        "options": [
          {
            "name": "Promo",
            "value": "2 barquettes "
          }
        ]
      }
    ],
    "rawVariantsExist": true,
    "category": "Fruits rouges"
  },
  {
    "url": "https://lesdelicesduverger.com/article/fraise-mara-des-bois-brq-250g",
    "title": "Fraise mara des bois (brq 250g)",
    "image": "\n                https://images.sumup.com/img_3W7K0J673W91XV9C88GX5N2XB7/image.png",
    "description": "Description de la fraise Mara des BoisLa fraise Mara des Bois est une variété remontante française, réputée pour son arôme intense rappelant la fraise des bois.Elle se distingue par ses fruits rouges brillants, de taille moyenne, et sa chair juteuse et sucrée. Sa saveur unique en fait un choix prise pour les desserts, confitures ou dégustations fraîches.",
    "variants": [
      {
        "variant_id": "E1C1F10B-7F48-42C3-BDDC-507F0B8BBF59",
        "variant_name": null,
        "price_cents": 795,
        "price_eur": 7.95,
        "unit_type": "unknown",
        "grams": null,
        "price_per_kg": null,
        "options": []
      }
    ],
    "rawVariantsExist": true,
    "category": "Fruits rouges"
  },
  {
    "url": "https://lesdelicesduverger.com/article/framboise-brq-125g",
    "title": "Framboise (BRQ 125g)",
    "image": "\n                https://images.sumup.com/img_2B4HVGZBAJ9FEA74GATFP1RY02/image.png",
    "description": "La framboise portugaise séduit par son goût sucré et légèrement acidulé, sa couleur rouge profond et sa texture juteuse. Cultivée sous le généreux climat du sud du Portugal",
    "variants": [
      {
        "variant_id": "59ffd7d9-d5f2-4d78-9070-2a282fd064be",
        "variant_name": "1 Barquette",
        "price_cents": 395,
        "price_eur": 3.95,
        "unit_type": "unknown",
        "grams": null,
        "price_per_kg": null,
        "options": [
          {
            "name": "Promo ",
            "value": "1 Barquette"
          }
        ]
      },
      {
        "variant_id": "861F9A2B-3DD5-4861-88E9-C22CFF658AF5",
        "variant_name": "2 Barquettes ",
        "price_cents": 700,
        "price_eur": 7,
        "unit_type": "unknown",
        "grams": null,
        "price_per_kg": null,
        "options": [
          {
            "name": "Promo ",
            "value": "2 Barquettes "
          }
        ]
      }
    ],
    "rawVariantsExist": true,
    "category": "Fruits rouges"
  },
  {
    "url": "https://lesdelicesduverger.com/article/groseille-barquette-125g",
    "title": "Groseille barquette (125g)",
    "image": "\n                https://images.sumup.com/img_33663JM0B889MV60FESQ146HC0/image.png",
    "description": "Groseille Rouge - L'éclat acidulé de l'étéLa groseille rouge est une petite baie brillante, regroupée en grappes légères, qui apporte une touche de fraîcheur et de vivacité à vos créations culinaires.Appréciée pour sa saveur acidulée et rafraîchissante, elle est idéale pour les desserts, confitures, sirops ou simplement dégustée fraîche.",
    "variants": [
      {
        "variant_id": "31249A3E-CC88-421E-B897-17A75FF5334F",
        "variant_name": "125g",
        "price_cents": 690,
        "price_eur": 6.9,
        "unit_type": "weight",
        "grams": 125,
        "price_per_kg": 55.2,
        "options": [
          {
            "name": "Barquette ",
            "value": "125g"
          }
        ]
      }
    ],
    "rawVariantsExist": true,
    "category": "Fruits rouges"
  },
  {
    "url": "https://lesdelicesduverger.com/article/mure-125g",
    "title": "Mure 125g",
    "image": "\n                https://images.sumup.com/img_0684HEKHD78TCSFV6MX7SK42HB/image.png",
    "description": "",
    "variants": [
      {
        "variant_id": "FD5CCF03-31CA-49FD-B9E1-5BB34EFD8196",
        "variant_name": null,
        "price_cents": 695,
        "price_eur": 6.95,
        "unit_type": "unknown",
        "grams": null,
        "price_per_kg": null,
        "options": []
      }
    ],
    "rawVariantsExist": true,
    "category": "Fruits rouges"
  },
  {
    "url": "https://lesdelicesduverger.com/article/mure-barquette-125g",
    "title": "Mûre barquette ( 125g)",
    "image": "\n                https://images.sumup.com/img_2ERZNTCYED9TVSKX9GWG6CR9VW/image.png",
    "description": "La mûre est une baie sauvage au goût délicatement sucré et acidulé. Sa couleur noire profonde et sa texture juteuse en font un fruit aussi savoureux que décoratif.",
    "variants": [
      {
        "variant_id": "95551ADF-80CB-4CAD-A31E-06A5E3945692",
        "variant_name": "125g",
        "price_cents": 590,
        "price_eur": 5.9,
        "unit_type": "weight",
        "grams": 125,
        "price_per_kg": 47.2,
        "options": [
          {
            "name": "Barquette ",
            "value": "125g"
          }
        ]
      }
    ],
    "rawVariantsExist": true,
    "category": "Fruits rouges"
  },
  {
    "url": "https://lesdelicesduverger.com/article/myrtille-barquette-125g",
    "title": "Myrtille barquette (125g)",
    "image": "\n                https://images.sumup.com/img_5PRRG20JMQ8KSSW7Z6M777D4NK/image.png",
    "description": "La myrtille (Vaccinium myrtillus) est une petite baie sauvage de couleur bleu-noir, appréciée pour sa saveur douce, légèrement sucrée et acidulée. Elle pousse naturellement dans les forêts et les landes d'Europe, notamment dans les régions montagneuses comme les Vosges. La myrtille est consommée fraîche ou transformée en confitures, tartes, jus et autres délices.",
    "variants": [
      {
        "variant_id": "CE9E9FA3-DC6F-43CD-9A58-84E08B7FF93A",
        "variant_name": null,
        "price_cents": 390,
        "price_eur": 3.9,
        "unit_type": "unknown",
        "grams": null,
        "price_per_kg": null,
        "options": []
      }
    ],
    "rawVariantsExist": true,
    "category": "Fruits rouges"
  },
  {
    "url": "https://lesdelicesduverger.com/article/abricot-sec-200g",
    "title": "Abricot sec (200g)",
    "image": "\n                https://images.sumup.com/img_72SD9T81CT9GSA9KS0R3HKG1TW/image.png",
    "description": "",
    "variants": [
      {
        "variant_id": "36472184-0BA6-4CEB-9911-D35B9EDBD747",
        "variant_name": null,
        "price_cents": 500,
        "price_eur": 5,
        "unit_type": "unknown",
        "grams": null,
        "price_per_kg": null,
        "options": []
      }
    ],
    "rawVariantsExist": true,
    "category": "Fruits secs"
  },
  {
    "url": "https://lesdelicesduverger.com/article/amande-naturelle-150g",
    "title": "Amande naturelle (150g)",
    "image": "\n                https://images.sumup.com/img_2R2FKP1YV39GP8YZTKTXR3CGN3/image.png",
    "description": "",
    "variants": [
      {
        "variant_id": "83CD785E-501B-42C2-BBBF-86C8BFD6A81C",
        "variant_name": null,
        "price_cents": 390,
        "price_eur": 3.9,
        "unit_type": "unknown",
        "grams": null,
        "price_per_kg": null,
        "options": []
      }
    ],
    "rawVariantsExist": true,
    "category": "Fruits secs"
  },
  {
    "url": "https://lesdelicesduverger.com/article/amandes-au-piment-150g",
    "title": "Amandes au piment (150g)",
    "image": "\n                https://images.sumup.com/img_3FVPZH4JXE8CKBDWV1AEDJ4HTZ/image.png",
    "description": "",
    "variants": [
      {
        "variant_id": "BE3A1D10-EC72-4E71-A8E8-55B86CAE69F3",
        "variant_name": null,
        "price_cents": 445,
        "price_eur": 4.45,
        "unit_type": "unknown",
        "grams": null,
        "price_per_kg": null,
        "options": []
      }
    ],
    "rawVariantsExist": true,
    "category": "Fruits secs"
  },
  {
    "url": "https://lesdelicesduverger.com/article/amandes-aux-sesames-150g",
    "title": "Amandes aux sésames (150g)",
    "image": "\n                https://images.sumup.com/img_25F4WPKD429NBSPEQYMK2TD7VY/image.png",
    "description": "",
    "variants": [
      {
        "variant_id": "B4EEBE78-4B8D-4CBB-9F33-0821318E3999",
        "variant_name": null,
        "price_cents": 445,
        "price_eur": 4.45,
        "unit_type": "unknown",
        "grams": null,
        "price_per_kg": null,
        "options": []
      }
    ],
    "rawVariantsExist": true,
    "category": "Fruits secs"
  },
  {
    "url": "https://lesdelicesduverger.com/article/amandes-fumees-nature-150g",
    "title": "Amandes fumées nature (150g)",
    "image": "\n                https://images.sumup.com/img_3KM9GRWHX29P4B7MPT1J1VDPSA/image.png",
    "description": "",
    "variants": [
      {
        "variant_id": "F5AC0A22-F8CE-49C7-8F2B-8F495FD9EB0E",
        "variant_name": null,
        "price_cents": 445,
        "price_eur": 4.45,
        "unit_type": "unknown",
        "grams": null,
        "price_per_kg": null,
        "options": []
      }
    ],
    "rawVariantsExist": true,
    "category": "Fruits secs"
  },
  {
    "url": "https://lesdelicesduverger.com/article/cerneaux-de-noix-150g",
    "title": "Cerneaux de noix (150g)",
    "image": "\n                https://images.sumup.com/img_68G7563T02813SBDNTS6HV2M45/image.png",
    "description": "",
    "variants": [
      {
        "variant_id": "D12DE1EF-2605-4561-AD7A-A638D3E2B669",
        "variant_name": null,
        "price_cents": 585,
        "price_eur": 5.85,
        "unit_type": "unknown",
        "grams": null,
        "price_per_kg": null,
        "options": []
      }
    ],
    "rawVariantsExist": true,
    "category": "Fruits secs"
  },
  {
    "url": "https://lesdelicesduverger.com/article/figues-sechees-200g",
    "title": "Figues séchées (200g)",
    "image": "\n                https://images.sumup.com/img_2DH0307D908JFBA6QV6NPHN3Z5/image.png",
    "description": "",
    "variants": [
      {
        "variant_id": "F41E1FBA-3CF9-4EE7-A7A1-0A98C19B06CF",
        "variant_name": null,
        "price_cents": 500,
        "price_eur": 5,
        "unit_type": "unknown",
        "grams": null,
        "price_per_kg": null,
        "options": []
      }
    ],
    "rawVariantsExist": true,
    "category": "Fruits secs"
  },
  {
    "url": "https://lesdelicesduverger.com/article/gingembre-confit-en-lamelles-200g",
    "title": "Gingembre confit en lamelles (200g)",
    "image": "\n                https://images.sumup.com/img_7HC13HJNGT956VNT6VF6MAX050/image.png",
    "description": "",
    "variants": [
      {
        "variant_id": "F4304C8C-0F1C-44F9-B2A4-E7FEE896167E",
        "variant_name": null,
        "price_cents": 490,
        "price_eur": 4.9,
        "unit_type": "unknown",
        "grams": null,
        "price_per_kg": null,
        "options": []
      }
    ],
    "rawVariantsExist": true,
    "category": "Fruits secs"
  },
  {
    "url": "https://lesdelicesduverger.com/article/melange-fruits-secs-150g",
    "title": "Mélange fruits secs (150g)",
    "image": "\n                https://images.sumup.com/img_694EMA2KPM9WF8211GGAMAJ2CV/image.png",
    "description": "",
    "variants": [
      {
        "variant_id": "0D431A37-8509-4D4F-AA95-424F8CCAFED3",
        "variant_name": null,
        "price_cents": 445,
        "price_eur": 4.45,
        "unit_type": "unknown",
        "grams": null,
        "price_per_kg": null,
        "options": []
      }
    ],
    "rawVariantsExist": true,
    "category": "Fruits secs"
  },
  {
    "url": "https://lesdelicesduverger.com/article/noisette-decortiquee-150g",
    "title": "Noisette décortiquée (150g)",
    "image": "\n                https://images.sumup.com/img_2ZAHDHA5F288Q9DRYSYCA1ZDVX/image.png",
    "description": "",
    "variants": [
      {
        "variant_id": "FA0CCEC4-3E46-44CC-81CE-BAFB2702A24D",
        "variant_name": null,
        "price_cents": 590,
        "price_eur": 5.9,
        "unit_type": "unknown",
        "grams": null,
        "price_per_kg": null,
        "options": []
      }
    ],
    "rawVariantsExist": true,
    "category": "Fruits secs"
  },
  {
    "url": "https://lesdelicesduverger.com/article/noix-de-bresil",
    "title": "Noix de Brésil",
    "image": "\n                https://images.sumup.com/img_4QMH3692BJ8ERA799QR7MYTM2J/image.png",
    "description": "",
    "variants": [
      {
        "variant_id": "CAF472A5-170D-4DBB-AAF7-788038305781",
        "variant_name": null,
        "price_cents": 590,
        "price_eur": 5.9,
        "unit_type": "unknown",
        "grams": null,
        "price_per_kg": null,
        "options": []
      }
    ],
    "rawVariantsExist": true,
    "category": "Fruits secs"
  },
  {
    "url": "https://lesdelicesduverger.com/article/noix-de-cajou-grille-nature-150g",
    "title": "Noix de cajou grillé nature (150g)",
    "image": "\n                https://images.sumup.com/img_7N8870JNEK8GGSGBQFG09MAZXC/image.png",
    "description": "",
    "variants": [
      {
        "variant_id": "4267AD0C-6A1F-488C-87E1-483E4F81FDA4",
        "variant_name": null,
        "price_cents": 445,
        "price_eur": 4.45,
        "unit_type": "unknown",
        "grams": null,
        "price_per_kg": null,
        "options": []
      }
    ],
    "rawVariantsExist": true,
    "category": "Fruits secs"
  },
  {
    "url": "https://lesdelicesduverger.com/article/noix-de-macadamia-frite-sale-150g",
    "title": "Noix de macadamia frite salé (150g)",
    "image": "\n                https://images.sumup.com/img_2FZTNQ0SW7884BE1MFA5P9AQ8B/image.png",
    "description": "",
    "variants": [
      {
        "variant_id": "5F6DEA84-5700-4882-92DB-150FDD8E14B1",
        "variant_name": null,
        "price_cents": 975,
        "price_eur": 9.75,
        "unit_type": "unknown",
        "grams": null,
        "price_per_kg": null,
        "options": []
      }
    ],
    "rawVariantsExist": true,
    "category": "Fruits secs"
  },
  {
    "url": "https://lesdelicesduverger.com/article/pistaches-grillees-nature-150g",
    "title": "Pistaches grillées nature (150g)",
    "image": "\n                https://images.sumup.com/img_1R7VEPXGFB86EAKPHD0M72F9DR/image.png",
    "description": "",
    "variants": [
      {
        "variant_id": "28534B35-C9A9-43DD-BF08-4B07778AC238",
        "variant_name": null,
        "price_cents": 445,
        "price_eur": 4.45,
        "unit_type": "unknown",
        "grams": null,
        "price_per_kg": null,
        "options": []
      }
    ],
    "rawVariantsExist": true,
    "category": "Fruits secs"
  },
  {
    "url": "https://lesdelicesduverger.com/article/pruneaux-200g",
    "title": "Pruneaux (200g)",
    "image": "\n                https://images.sumup.com/img_7M8HYNQYEH8YZVVSEEWX8ZPNX7/image.png",
    "description": "",
    "variants": [
      {
        "variant_id": "236A183F-D49B-4BC5-B5C0-7F4692A0850D",
        "variant_name": null,
        "price_cents": 400,
        "price_eur": 4,
        "unit_type": "unknown",
        "grams": null,
        "price_per_kg": null,
        "options": []
      }
    ],
    "rawVariantsExist": true,
    "category": "Fruits secs"
  },
  {
    "url": "https://lesdelicesduverger.com/article/raisins-secs-150g",
    "title": "Raisins secs (150g)",
    "image": "\n                https://images.sumup.com/img_0G2XG8SQEZ84J8D765VVDEC67R/image.png",
    "description": "",
    "variants": [
      {
        "variant_id": "347C4094-CCB7-4943-9C36-482ED1C73BD1",
        "variant_name": null,
        "price_cents": 290,
        "price_eur": 2.9,
        "unit_type": "unknown",
        "grams": null,
        "price_per_kg": null,
        "options": []
      }
    ],
    "rawVariantsExist": true,
    "category": "Fruits secs"
  },
  {
    "url": "https://lesdelicesduverger.com/article/aneth-botte",
    "title": "Aneth botte",
    "image": "\n                https://images.sumup.com/img_7FVNC70NJD8M6VKCTPXGRVVD65/image.png",
    "description": "L'aneth est une plante aromatique annuelle de la famille des Apiacées, reconnaissable à ses fines feuilles vertes filiformes et à son arôme anisé. Vendue en botte, elle est couramment utilisée en cuisine pour parfumer les poissons, les marinades, les sauces au yaourt, les salades et les pickles. En plus de ses qualités gustatives, l'aneth est riche en antioxydants et en vitamines A et C, contribuant ainsi à une alimentation saine.",
    "variants": [
      {
        "variant_id": "995086D7-12F1-4D4C-B3DD-FA05D763F037",
        "variant_name": null,
        "price_cents": 150,
        "price_eur": 1.5,
        "unit_type": "unknown",
        "grams": null,
        "price_per_kg": null,
        "options": []
      }
    ],
    "rawVariantsExist": true,
    "category": "Herbes harmonique"
  },
  {
    "url": "https://lesdelicesduverger.com/article/bouquet-garni-en-botte",
    "title": "Bouquet garni en botte",
    "image": "\n                https://images.sumup.com/img_25QHWKE7HE949RRTAG846N277Q/image.png",
    "description": "Le bouquet garni est un assemblage traditionnel d'herbes aromatiques, généralement composé de thym, laurier et persil, parfois enrichi de romarin, ciboulette ou sauge. Présenté en botte, il est utilisé pour parfumer bouillons, sauces, ragoûts et autres préparations culinaires.Les herbes sont souvent liées ensemble avec une ficelle ou enveloppées dans une étamine, facilitant leur retrait après cuisson.",
    "variants": [
      {
        "variant_id": "7A73D884-290A-4774-AF87-1D17769E8250",
        "variant_name": null,
        "price_cents": 150,
        "price_eur": 1.5,
        "unit_type": "unknown",
        "grams": null,
        "price_per_kg": null,
        "options": []
      }
    ],
    "rawVariantsExist": true,
    "category": "Herbes harmonique"
  },
  {
    "url": "https://lesdelicesduverger.com/article/ciboulette-botte",
    "title": "Ciboulette botte",
    "image": "\n                https://images.sumup.com/img_6R4V9X894E8VTANAR9GBBRYRCV/image.png",
    "description": "La ciboulette est une plante aromatique de la famille des Alliacées, proche de l'ail et de l'oignon. Fine et délicate, elle se présente sous forme de longues tiges vertes regroupées en bottes. Elle est très appréciée pour sa saveur légère, subtilement aillée, qui parfume sauces, omelettes, salades, pommes de terre et plats de poisson. Riche en vitamines A, C et K, la ciboulette est utilisée fraîche pour préserver tout son arôme.",
    "variants": [
      {
        "variant_id": "47CBD933-9EF4-4D85-9B2A-F61308EDBC71",
        "variant_name": null,
        "price_cents": 150,
        "price_eur": 1.5,
        "unit_type": "unknown",
        "grams": null,
        "price_per_kg": null,
        "options": []
      }
    ],
    "rawVariantsExist": true,
    "category": "Herbes harmonique"
  },
  {
    "url": "https://lesdelicesduverger.com/article/coriandre-botte",
    "title": "Coriandre (botte)",
    "image": "\n                https://images.sumup.com/img_1XP6PRS7YH8QABZ5274YHW0TA8/image.png",
    "description": "Coriandre en Botte – Fraîcheur et parfum exotiqueLa coriandre fraîche en botte est une herbe aromatique incontournable, très prisée dans les cuisines du monde entier, de l’Asie à l’Amérique latine. Avec ses feuilles finement découpées et son parfum citronné aux notes légèrement poivrées, elle apporte une touche de fraîcheur et d’originalité à tous vos plats.",
    "variants": [
      {
        "variant_id": "D30663EB-D264-42B4-87AB-A4EDD8ACABDD",
        "variant_name": null,
        "price_cents": 150,
        "price_eur": 1.5,
        "unit_type": "unknown",
        "grams": null,
        "price_per_kg": null,
        "options": []
      }
    ],
    "rawVariantsExist": true,
    "category": "Herbes harmonique"
  },
  {
    "url": "https://lesdelicesduverger.com/article/estragon-botte",
    "title": "Estragon botte",
    "image": "\n                https://images.sumup.com/img_1Y1ZX2P3CW8ET9Y72GH3H6JQWP/image.png",
    "description": "L'estragon (Artemisia dracunculus) est une plante aromatique vivace de la famille des Astéracées, reconnaissable à ses longues feuilles étroites d'un vert profond.Vendu en botte, il est très prisé en cuisine pour son arôme subtil, légèrement anisé, qui rehausse les sauces (notamment la béarnaise), les vinaigrettes, les plats de volaille, de poisson et les œufs. L'estragon est également apprécié pour ses propriétés digestives et stimulantes.",
    "variants": [
      {
        "variant_id": "541C5B13-C3B8-47F8-A581-4D3C82788979",
        "variant_name": null,
        "price_cents": 150,
        "price_eur": 1.5,
        "unit_type": "unknown",
        "grams": null,
        "price_per_kg": null,
        "options": []
      }
    ],
    "rawVariantsExist": true,
    "category": "Herbes harmonique"
  },
  {
    "url": "https://lesdelicesduverger.com/article/menthe-botte",
    "title": "Menthe (botte)",
    "image": "\n                https://images.sumup.com/img_20XQNATBY18ZSS7298BSKVTYSV/image.png",
    "description": "Coriandre en Botte – Fraîcheur et parfum exotiqueLa coriandre fraîche en botte est une herbe aromatique incontournable, très prisée dans les cuisines du monde entier, de l’Asie à l’Amérique latine. Avec ses feuilles finement découpées et son parfum citronné aux notes légèrement poivrées, elle apporte une touche de fraîcheur et d’originalité à tous vos plats.",
    "variants": [
      {
        "variant_id": "1B60FB23-FC1A-40BA-83C0-693291310D69",
        "variant_name": null,
        "price_cents": 150,
        "price_eur": 1.5,
        "unit_type": "unknown",
        "grams": null,
        "price_per_kg": null,
        "options": []
      }
    ],
    "rawVariantsExist": true,
    "category": "Herbes harmonique"
  },
  {
    "url": "https://lesdelicesduverger.com/article/persil-botte",
    "title": "Persil botte",
    "image": "\n                https://images.sumup.com/img_66G7RRESNP80ZVXXPACTQ94V3T/image.png",
    "description": "Le persil est une plante aromatique de la famille des Apiacées, largement utilisée en cuisine pour ses feuilles fraîches, plates ou frisées. Riche en vitamines (notamment C et K), en minéraux et en antioxydants, il apporte une touche de fraîcheur et de saveur aux plats. Le persil est souvent vendu en botte et peut être utilisé cru, ciselé en garniture, ou intégré aux recettes pour rehausser le goût des viandes, poissons, soupes et salades.",
    "variants": [
      {
        "variant_id": "C7BBB430-215F-4B64-A741-8A219E941089",
        "variant_name": null,
        "price_cents": 150,
        "price_eur": 1.5,
        "unit_type": "unknown",
        "grams": null,
        "price_per_kg": null,
        "options": []
      }
    ],
    "rawVariantsExist": true,
    "category": "Herbes harmonique"
  },
  {
    "url": "https://lesdelicesduverger.com/article/romarin-botte",
    "title": "Romarin botte",
    "image": "\n                https://images.sumup.com/img_5D41DS29S09YFS4N2ZZHSK0486/image.png",
    "description": "Le romarin (Rosmarinus officinalis) est une plante aromatique vivace de la famille des Lamiacées, reconnaissable à ses feuilles fines et persistantes d'un vert profond. Vendu en botte, il est très prisé en cuisine pour son parfum intense et boisé, qui rehausse les viandes rôties, les grillades, les légumes, les marinades et les pains. Le romarin est également réputé pour ses propriétés antioxydantes et digestives.",
    "variants": [
      {
        "variant_id": "4BD6AD37-A706-4829-A20F-5B1D7B5FC38E",
        "variant_name": null,
        "price_cents": 150,
        "price_eur": 1.5,
        "unit_type": "unknown",
        "grams": null,
        "price_per_kg": null,
        "options": []
      }
    ],
    "rawVariantsExist": true,
    "category": "Herbes harmonique"
  },
  {
    "url": "https://lesdelicesduverger.com/article/thym-botte",
    "title": "Thym botte",
    "image": "\n                https://images.sumup.com/img_1GGB3WFT6Y9KCTSXZ29A22Y88N/image.png",
    "description": "Le thym (Thymus vulgaris) est une plante aromatique vivace de la famille des Lamiacées, reconnaissable à ses petites feuilles vertes et à son arôme puissant.Vendu en botte, il est couramment utilisé en cuisine pour parfumer les viandes, les ragoûts, les sauces et les légumes. Le thym est également réputé pour ses propriétés antiseptiques et digestives.",
    "variants": [
      {
        "variant_id": "98A037FC-DBAE-43F4-94C6-86F5E46EC682",
        "variant_name": null,
        "price_cents": 150,
        "price_eur": 1.5,
        "unit_type": "unknown",
        "grams": null,
        "price_per_kg": null,
        "options": []
      }
    ],
    "rawVariantsExist": true,
    "category": "Herbes harmonique"
  },
  {
    "url": "https://lesdelicesduverger.com/article/citronnade-au-citron-jaune",
    "title": "Citronnade au citron jaune",
    "image": "\n                https://images.sumup.com/img_099MRRXEZN8ZSST31R73ZRG1D1/image.png",
    "description": "Citronnade Jean d’Audignac – L’élégance d’un rafraîchissement naturelLa citronnade Jean d’Audignac est une boisson artisanale aux saveurs authentiques, élaborée avec du jus de citron naturel et un juste équilibre de sucre. Légèrement pétillante, elle offre une fraîcheur désaltérante et raffinée, parfaite pour les journées ensoleillées ou les moments de détente.",
    "variants": [
      {
        "variant_id": "23B17EA6-6CB6-45A2-A5F1-96076708626B",
        "variant_name": null,
        "price_cents": 595,
        "price_eur": 5.95,
        "unit_type": "unknown",
        "grams": null,
        "price_per_kg": null,
        "options": []
      }
    ],
    "rawVariantsExist": true,
    "category": "Jus De Fruits"
  },
  {
    "url": "https://lesdelicesduverger.com/article/jus-de-poire-de-la-vallee-de-rhone-1l",
    "title": "Jus de poire de la Vallée de Rhône (1L)",
    "image": "\n                https://images.sumup.com/img_0A1CZ150AM8D0RGNY5ENDZ0WG8/image.png",
    "description": "",
    "variants": [
      {
        "variant_id": "12CBCEBE-38AD-4573-BB69-6049EFCD55E6",
        "variant_name": null,
        "price_cents": 595,
        "price_eur": 5.95,
        "unit_type": "unknown",
        "grams": null,
        "price_per_kg": null,
        "options": []
      }
    ],
    "rawVariantsExist": true,
    "category": "Jus De Fruits"
  },
  {
    "url": "https://lesdelicesduverger.com/article/jus-orange-carotte-citron-1l",
    "title": "Jus orange carotte citron (1L)",
    "image": "\n                https://images.sumup.com/img_66K1KCG47C9HT99A82FSDSC0SX/image.png",
    "description": "",
    "variants": [
      {
        "variant_id": "6DC35784-1A23-4C3D-917F-E5AE4948C02C",
        "variant_name": null,
        "price_cents": 595,
        "price_eur": 5.95,
        "unit_type": "unknown",
        "grams": null,
        "price_per_kg": null,
        "options": []
      }
    ],
    "rawVariantsExist": true,
    "category": "Jus De Fruits"
  },
  {
    "url": "https://lesdelicesduverger.com/article/pur-jus-d-ananas-du-costa-rica",
    "title": "Pur jus d’ananas du Costa Rica",
    "image": "\n                https://images.sumup.com/img_2G4EW4GSSR83BT2SXZAYT274YK/image.png",
    "description": "Pur Jus d’Ananas Jean d’Audignac – L’exotisme d’un jus 100 % fruitLe Pur Jus d’Ananas Jean d’Audignac est un jus naturel, élaboré à partir d’ananas mûrs à point, sélectionnés pour leur chair juteuse et leur goût doux et parfumé. Sans sucres ajoutés ni conservateurs, ce jus révèle toute la fraîcheur et la richesse aromatique du fruit tropical, pour une dégustation pure et intense.",
    "variants": [
      {
        "variant_id": "315B5447-B1ED-4AE5-9054-57AA9E1CEEE9",
        "variant_name": null,
        "price_cents": 695,
        "price_eur": 6.95,
        "unit_type": "unknown",
        "grams": null,
        "price_per_kg": null,
        "options": []
      }
    ],
    "rawVariantsExist": true,
    "category": "Jus De Fruits"
  },
  {
    "url": "https://lesdelicesduverger.com/article/pur-jus-de-pamplemousse",
    "title": "Pur jus de pamplemousse",
    "image": "\n                https://images.sumup.com/img_1B8EWMHN9F96XRSR81E5CEAGMP/image.png",
    "description": "Pur Jus de Pamplemousse Jean d’Audignac – Fraîcheur tonique et 100 % naturelleLe Pur Jus de Pamplemousse Jean d’Audignac est élaboré à partir de pamplemousses soigneusement sélectionnés, pour leur goût frais, vif et naturellement fruité. Sans sucres ajoutés ni conservateurs, ce jus offre une belle intensité aromatique, à la fois acidulée et légèrement amère, parfaite pour réveiller les papilles.",
    "variants": [
      {
        "variant_id": "4FFF3B3D-3056-4057-BD0E-C44FE50F7A9A",
        "variant_name": null,
        "price_cents": 595,
        "price_eur": 5.95,
        "unit_type": "unknown",
        "grams": null,
        "price_per_kg": null,
        "options": []
      }
    ],
    "rawVariantsExist": true,
    "category": "Jus De Fruits"
  },
  {
    "url": "https://lesdelicesduverger.com/article/pur-jus-de-pomme-reinette-de-france-1l",
    "title": "Pur jus de pomme Reinette de France (1L)",
    "image": "\n                https://images.sumup.com/img_2J76H3JMYY81K8W0E4592GNBZE/image.png",
    "description": "",
    "variants": [
      {
        "variant_id": "5DBB0FA4-A94B-4F64-947B-5268351B1465",
        "variant_name": null,
        "price_cents": 595,
        "price_eur": 5.95,
        "unit_type": "unknown",
        "grams": null,
        "price_per_kg": null,
        "options": []
      }
    ],
    "rawVariantsExist": true,
    "category": "Jus De Fruits"
  },
  {
    "url": "https://lesdelicesduverger.com/article/pur-jus-de-raisin-rouge-muscate-15-1l",
    "title": "Pur jus de raisin ( rouge muscaté 15%) 1L",
    "image": "\n                https://images.sumup.com/img_08JFRG2WCM9TGSWATX6BZTZMZY/image.png",
    "description": "",
    "variants": [
      {
        "variant_id": "C09C24CA-DCF6-4B15-B915-E3352AF96AAD",
        "variant_name": null,
        "price_cents": 595,
        "price_eur": 5.95,
        "unit_type": "unknown",
        "grams": null,
        "price_per_kg": null,
        "options": []
      }
    ],
    "rawVariantsExist": true,
    "category": "Jus De Fruits"
  },
  {
    "url": "https://lesdelicesduverger.com/article/pur-jus-d-orange",
    "title": "Pur jus d’orange",
    "image": "\n                https://images.sumup.com/img_56DTS8EW5W811B1ENACQATY8GK/image.png",
    "description": "Pur Jus d’Orange Jean d’Audignac – L’authenticité d’un jus 100 % fruitLe Pur Jus d’Orange Jean d’Audignac est un jus de fruit naturel, pressé à partir d’oranges soigneusement sélectionnées pour leur goût intense et leur richesse en arômes. Sans sucres ajoutés ni conservateurs, il offre une expérience gustative authentique, fidèle au goût du fruit frais.",
    "variants": [
      {
        "variant_id": "888C97D3-E570-4D80-BFBA-09C024579BCB",
        "variant_name": null,
        "price_cents": 595,
        "price_eur": 5.95,
        "unit_type": "unknown",
        "grams": null,
        "price_per_kg": null,
        "options": []
      }
    ],
    "rawVariantsExist": true,
    "category": "Jus De Fruits"
  },
  {
    "url": "https://lesdelicesduverger.com/article/artichaut",
    "title": "Artichaut",
    "image": "\n                https://images.sumup.com/img_6JJ0MJA5X2987V1VYTS7VRDDRV/image.png",
    "description": "L'artichaut est un légume de la famille des astéracées, cultivé pour ses inflorescences comestibles. Il se présente sous la forme d'un gros bouton floral, généralement de couleur verte, bien que certaines variétés puissent être violettes. Les feuilles extérieures de l'artichaut sont coriaces et épineuses, tandis que le cœur, ou le fond, est tendre et savoureux. L'intérieur, une fois les feuilles enlevées, cache un cœur doux et délicat, parfois entouré d'un \"foin\" qu'il faut retirer avant de consommer.",
    "variants": [
      {
        "variant_id": "4A7B86D6-9177-46B9-83A4-15B3E3D4CC40",
        "variant_name": null,
        "price_cents": 390,
        "price_eur": 3.9,
        "unit_type": "unknown",
        "grams": null,
        "price_per_kg": null,
        "options": []
      }
    ],
    "rawVariantsExist": true,
    "category": "Légumes"
  },
  {
    "url": "https://lesdelicesduverger.com/article/asperge-blanche",
    "title": "Asperge blanche",
    "image": "\n                https://images.sumup.com/img_6CRNNARD2187P8CGB19J0CMNYA/image.png",
    "description": "Asperge Blanche - Délicate et RaffinéeDécouvrez l'asperge blanche, un légume noble au goût subtil et légèrement sucré.Cultivée à l'abri de la lumière pour préserver sa couleur ivoire, elle se distingue par sa texture tendre et son arôme délicat. Riche en fibres, en vitamines (A, B9, C) et en antioxydants, l'asperge blanche est aussi un allié bien-être, parfait pour une cuisine légère et saine.Idéale en entrée, en accompagnement ou en velouté, elle sublime vos plats de printemps avec élégance.",
    "variants": [
      {
        "variant_id": "4F4DA541-AD2F-43E1-A00F-8075728FABA4",
        "variant_name": "500g",
        "price_cents": 750,
        "price_eur": 7.5,
        "unit_type": "weight",
        "grams": 500,
        "price_per_kg": 15,
        "options": [
          {
            "name": "Poids",
            "value": "500g"
          }
        ]
      },
      {
        "variant_id": "00560c88-3b64-468a-93f4-d15d8a8c5228",
        "variant_name": "1kg",
        "price_cents": 1500,
        "price_eur": 15,
        "unit_type": "weight",
        "grams": 1000,
        "price_per_kg": 15,
        "options": [
          {
            "name": "Poids",
            "value": "1kg"
          }
        ]
      }
    ],
    "rawVariantsExist": true,
    "category": "Légumes"
  },
  {
    "url": "https://lesdelicesduverger.com/article/asperge-verte-botte",
    "title": "Asperge verte Botte",
    "image": "\n                https://images.sumup.com/img_48JX9B3SGF96VTVT768B8VWB33/image.png",
    "description": "Asperge Verte en Botte - Fraîcheur etSaveur IntenseL'asperge verte, cultivée à la lumière du soleil, se distingue par sa couleur vibrante et son goût plus prononcé que sa cousine blanche. Vendue en botte pour garantir fraîcheur et praticité, elle séduit par sa texture croquante et ses notes légèrement herbacées. Naturellement riche en vitamines (A, C, K), en fer et en antioxydants, c'est un légume de choix pour une cuisine saine et savoureuse.Délicieuse grillée, sautée, en salade ou en omelette, asperge verte ajoute une touche de vitalité à tous vos plats.",
    "variants": [
      {
        "variant_id": "E7DDD86A-0A8E-4983-9361-7E05189B5D24",
        "variant_name": null,
        "price_cents": 795,
        "price_eur": 7.95,
        "unit_type": "unknown",
        "grams": null,
        "price_per_kg": null,
        "options": []
      }
    ],
    "rawVariantsExist": true,
    "category": "Légumes"
  },
  {
    "url": "https://lesdelicesduverger.com/article/aubergine",
    "title": "Aubergine",
    "image": "\n                https://images.sumup.com/img_56BGS61PZS8FHRD1GD2TW2ZV82/image.png",
    "description": "L'aubergine est un légume-fruit emblématique de la cuisine méditerranéenne, apprécié pour sa texture fondante et sa capacité à absorber les saveurs. Originaire d'Asie, elle est cultivée depuis des millénaires et s'est imposée dans de nombreuses traditions culinaires.Sa peau lisse, généralement de couleur violette, renferme une chair blanche et moelleuse. L'aubergine se prête à une multitude de préparations : grillée, rôtie, en ratatouille, en moussaka ou encore en caviar d'aubergine.",
    "variants": [
      {
        "variant_id": "E4BA6A64-8227-440B-A7A0-C90D730F32F3",
        "variant_name": "500g",
        "price_cents": 195,
        "price_eur": 1.95,
        "unit_type": "weight",
        "grams": 500,
        "price_per_kg": 3.9,
        "options": [
          {
            "name": "Poids",
            "value": "500g"
          }
        ]
      },
      {
        "variant_id": "b8301f1c-ecb3-4fdb-8df4-0c2830d76791",
        "variant_name": "1kg",
        "price_cents": 390,
        "price_eur": 3.9,
        "unit_type": "weight",
        "grams": 1000,
        "price_per_kg": 3.9,
        "options": [
          {
            "name": "Poids",
            "value": "1kg"
          }
        ]
      }
    ],
    "rawVariantsExist": true,
    "category": "Légumes"
  },
  {
    "url": "https://lesdelicesduverger.com/article/betterave-cuite",
    "title": "Betterave cuite",
    "image": "\n                https://images.sumup.com/img_6MGPFVRZAD8KQR0F9YBJHKAKBT/image.png",
    "description": "Betterave Cuite - Douceur Naturelle etCouleur GourmandeLa betterave cuite séduit par sa chair tendre, sa saveur naturellement sucrée et sa belle couleur pourpre. Déjà prête à consommer, elle est idéale pour gagner du temps en cuisine tout en profitant de ses nombreux bienfaits : riche en fibres, en fer, en antioxydants et en vitamine B9, elle soutient l'énergie et la vitalité.Parfaite en salade, en smoothie, en houmous ou même en dessert, la betterave cuite apporte une touche originale, saine et savoureuse à toutes vos préparations.",
    "variants": [
      {
        "variant_id": "78261EBC-9AED-4439-8D8F-B4743A736058",
        "variant_name": null,
        "price_cents": 250,
        "price_eur": 2.5,
        "unit_type": "unknown",
        "grams": null,
        "price_per_kg": null,
        "options": []
      }
    ],
    "rawVariantsExist": true,
    "category": "Légumes"
  },
  {
    "url": "https://lesdelicesduverger.com/article/betternut",
    "title": "Betternut",
    "image": "\n                https://images.sumup.com/img_2XX36CJZX383BSAAGWR1PAS9TJ/image.png",
    "description": "La courge Butternut est une variété de courge douce et savoureuse, reconnaissable à sa forme allongée et sa peau beige. Sa chair orange, tendre et sucrée, est parfaite pour les soupes, les purées, les gratins ou même les tartes salées.Riche en fibres, en vitamine A (bêta-carotêne) et en antioxydants, la butternut est un légume d'automne-hiver très apprécié pour ses qualités nutritionnelles.Elle se conserve facilement et se cuisine aussi bien rôtie qu'à la vapeur.",
    "variants": [
      {
        "variant_id": "9CE784C8-3BD8-4682-8C99-FD73F67E02FF",
        "variant_name": null,
        "price_cents": 295,
        "price_eur": 2.95,
        "unit_type": "unknown",
        "grams": null,
        "price_per_kg": null,
        "options": []
      }
    ],
    "rawVariantsExist": true,
    "category": "Légumes"
  },
  {
    "url": "https://lesdelicesduverger.com/article/blette-botte",
    "title": "Blette botte",
    "image": "\n                https://images.sumup.com/img_3ETXAAVDYS82N915Y2T0QEFK2Q/image.png",
    "description": "Blette - Polyvalente, Nutritive etSavoureuseLa blette, aussi appelée bette, est un légume-feuille aux longues côtes blanches et aux feuilles vertes tendres. Riche en fibres, en fer, en magnésium et en vitamines A et K, elle est une alliée précieuse pour une alimentation saine et équilibrée. Son goût doux et légèrement terreux s'adapte à de nombreuses préparations.Délicieuse en gratin, en tarte salée, sautée à l'ail ou mijotée, la blette apporte couleur, texture et bienfaits à toutes vos recettes maison.",
    "variants": [
      {
        "variant_id": "12CBA017-5C33-46E4-BB7E-A291D2785309",
        "variant_name": null,
        "price_cents": 295,
        "price_eur": 2.95,
        "unit_type": "unknown",
        "grams": null,
        "price_per_kg": null,
        "options": []
      }
    ],
    "rawVariantsExist": true,
    "category": "Légumes"
  },
  {
    "url": "https://lesdelicesduverger.com/article/brocoli",
    "title": "Brocoli",
    "image": "\n                https://images.sumup.com/img_30YABKM49380396HBSTPRPB9JX/image.png",
    "description": "Le brocoli est un légume vert à la fois savoureux et nutritif, très apprécié pour ses bienfaits santé. Riche en vitamines C, K et en fibres, il est aussi une excellente source d'antioxydants.Avec sa texture croquante et sa légère amertume, il se prête à de nombreuses préparations : vapeur, sauté, gratin, ou même cru en salade.Cultivé localement et récolté à maturité, notre brocoli frais garantit une qualité optimale, parfait pour une cuisine saine et équilibrée.",
    "variants": [
      {
        "variant_id": "566CAC0C-6AFD-42A9-859E-1FFEE84D9973",
        "variant_name": "500g",
        "price_cents": 245,
        "price_eur": 2.45,
        "unit_type": "weight",
        "grams": 500,
        "price_per_kg": 4.9,
        "options": [
          {
            "name": "Poids",
            "value": "500g"
          }
        ]
      },
      {
        "variant_id": "bbdef326-7c33-44b9-8974-9904443a55d7",
        "variant_name": "1kg",
        "price_cents": 490,
        "price_eur": 4.9,
        "unit_type": "weight",
        "grams": 1000,
        "price_per_kg": 4.9,
        "options": [
          {
            "name": "Poids",
            "value": "1kg"
          }
        ]
      }
    ],
    "rawVariantsExist": true,
    "category": "Légumes"
  },
  {
    "url": "https://lesdelicesduverger.com/article/carotte-lavee",
    "title": "Carotte lavée",
    "image": "\n                https://images.sumup.com/img_6633BMEA0H90ASY742G7CSHXFV/image.png",
    "description": "Les carottes lavées sont simplement des carottes qui ont été soigneusement nettoyées pour enlever la terre et les impuretés de leur peau, rendant leur consommation plus facile et plus hygiénique. En général, elles sont prêtes à être utilisées sans avoir besoin d'être lavées de nouveau.",
    "variants": [
      {
        "variant_id": "0D8FE659-30A1-4E3E-AACF-1F1C1B0E3E4E",
        "variant_name": "500g",
        "price_cents": 125,
        "price_eur": 1.25,
        "unit_type": "weight",
        "grams": 500,
        "price_per_kg": 2.5,
        "options": [
          {
            "name": "Poids",
            "value": "500g"
          }
        ]
      },
      {
        "variant_id": "c260e742-e163-4c1d-90e8-135504522d38",
        "variant_name": "1kg",
        "price_cents": 250,
        "price_eur": 2.5,
        "unit_type": "weight",
        "grams": 1000,
        "price_per_kg": 2.5,
        "options": [
          {
            "name": "Poids",
            "value": "1kg"
          }
        ]
      }
    ],
    "rawVariantsExist": true,
    "category": "Légumes"
  },
  {
    "url": "https://lesdelicesduverger.com/article/carotte-sable",
    "title": "Carotte sable",
    "image": "\n                https://images.sumup.com/img_2Z087G25D789AT49GWG6W5XQWD/image.png",
    "description": "La carotte sable est une variété de carotte qui se distingue par sa texture et son goût particulièrement doux. Elle est souvent cultivée dans des sols sablonneux, ce qui lui confère son nom. Cette carotte est généralement plus tendre et sucrée que les variétés classiques.",
    "variants": [
      {
        "variant_id": "6C9CF20F-783B-4A9A-B14D-8B9433E3095D",
        "variant_name": "500g",
        "price_cents": 145,
        "price_eur": 1.45,
        "unit_type": "weight",
        "grams": 500,
        "price_per_kg": 2.9,
        "options": [
          {
            "name": "Poids",
            "value": "500g"
          }
        ]
      },
      {
        "variant_id": "b6d39ce0-33ba-40bc-9325-224da6a9b6f9",
        "variant_name": "1kg",
        "price_cents": 290,
        "price_eur": 2.9,
        "unit_type": "weight",
        "grams": 1000,
        "price_per_kg": 2.9,
        "options": [
          {
            "name": "Poids",
            "value": "1kg"
          }
        ]
      }
    ],
    "rawVariantsExist": true,
    "category": "Légumes"
  },
  {
    "url": "https://lesdelicesduverger.com/article/celeri-blanche-demi-pied",
    "title": "Céleri blanche demi-pied",
    "image": "\n                https://images.sumup.com/img_321F8SCFYH9JPBZTKS75GRKA8T/image.png",
    "description": "Céleri Blanc Demi-Pied - Croquant, Rafraîchissant et ParfuméLe céleri blanc demi-pied se distingue par ses tiges croquantes, blanches et délicatement parfumées. Sa saveur fraîche, légèrement épicée, apporte une touche de légèreté à vos plats. Riche en fibres, en vitamines (A, C, K) et en minéraux, il est parfait pour une alimentation saine et rafraîchissante.Idéal en salade, en soupe, dans des jus ou même ajouté à vos plats mijotés, le céleri blanc demi-pied est un légume polyvalent et plein de caractère.",
    "variants": [
      {
        "variant_id": "9CBCEE69-C1EF-4809-840C-D645DBA69A85",
        "variant_name": null,
        "price_cents": 220,
        "price_eur": 2.2,
        "unit_type": "unknown",
        "grams": null,
        "price_per_kg": null,
        "options": []
      }
    ],
    "rawVariantsExist": true,
    "category": "Légumes"
  },
  {
    "url": "https://lesdelicesduverger.com/article/celeri-rave",
    "title": "Céleri rave",
    "image": "\n                https://images.sumup.com/img_5J6ZF70MNP90JR46WB39J777D5/image.png",
    "description": "Céleri-Rave - Rustique, Sain et Plein de SaveurLe céleri-rave est un légume racine à la chair blanche ferme et parfumée, au goût subtil entre céleri et noisette. Peu calorique mais riche en fibres, en vitamine K, en potassium et en antioxydants, il est idéal pour une alimentation équilibrée et tonique.Délicieux cru en rémoulade, en purée, rôti au four ou intégré dans vos potages et gratins, le céleri-rave apporte une touche originale, savoureuse et réconfortante à vos plats d'automne et d'hiver.",
    "variants": [
      {
        "variant_id": "89A85F40-242D-4B01-B410-FE30098628A4",
        "variant_name": null,
        "price_cents": 390,
        "price_eur": 3.9,
        "unit_type": "unknown",
        "grams": null,
        "price_per_kg": null,
        "options": []
      }
    ],
    "rawVariantsExist": true,
    "category": "Légumes"
  },
  {
    "url": "https://lesdelicesduverger.com/article/champignon-de-paris",
    "title": "Champignon de Paris",
    "image": "\n                https://images.sumup.com/img_1YCWPRQ9T58T1TV4VNX0EE40BW/image.png",
    "description": "Champignon de Paris – Fraîcheur et finesse en cuisineLe champignon de Paris, également appelé champignon blanc, est l’un des champignons les plus populaires et les plus polyvalents en cuisine. Cultivé en France et ailleurs dans des conditions parfaitement contrôlées, il séduit par sa texture tendre et son goût délicat.",
    "variants": [
      {
        "variant_id": "6DE449A3-8157-4E5E-B977-29737401FB07",
        "variant_name": "250g  · Brun",
        "price_cents": 175,
        "price_eur": 1.75,
        "unit_type": "weight",
        "grams": 250,
        "price_per_kg": 7,
        "options": [
          {
            "name": "Poids",
            "value": "250g "
          },
          {
            "name": "Couleur ",
            "value": "Brun"
          }
        ]
      },
      {
        "variant_id": "246ec6d5-3ba9-4779-a803-94b78852a2c7",
        "variant_name": "250g  · Blanc ",
        "price_cents": 175,
        "price_eur": 1.75,
        "unit_type": "weight",
        "grams": 250,
        "price_per_kg": 7,
        "options": [
          {
            "name": "Poids",
            "value": "250g "
          },
          {
            "name": "Couleur ",
            "value": "Blanc "
          }
        ]
      },
      {
        "variant_id": "882e9dfc-88cb-4bd6-b191-929a4f9e4fa4",
        "variant_name": "500g · Brun",
        "price_cents": 350,
        "price_eur": 3.5,
        "unit_type": "weight",
        "grams": 500,
        "price_per_kg": 7,
        "options": [
          {
            "name": "Poids",
            "value": "500g"
          },
          {
            "name": "Couleur ",
            "value": "Brun"
          }
        ]
      },
      {
        "variant_id": "bf5f7bcd-21bf-4c39-8a65-ff6075c7935b",
        "variant_name": "500g · Blanc ",
        "price_cents": 350,
        "price_eur": 3.5,
        "unit_type": "weight",
        "grams": 500,
        "price_per_kg": 7,
        "options": [
          {
            "name": "Poids",
            "value": "500g"
          },
          {
            "name": "Couleur ",
            "value": "Blanc "
          }
        ]
      },
      {
        "variant_id": "cde91f2e-363d-4915-a544-9a0db1be0afd",
        "variant_name": "1 kg · Brun",
        "price_cents": 700,
        "price_eur": 7,
        "unit_type": "weight",
        "grams": 1000,
        "price_per_kg": 7,
        "options": [
          {
            "name": "Poids",
            "value": "1 kg"
          },
          {
            "name": "Couleur ",
            "value": "Brun"
          }
        ]
      },
      {
        "variant_id": "438a56bf-5957-4b67-9a4b-b03b453d54f1",
        "variant_name": "1 kg · Blanc ",
        "price_cents": 700,
        "price_eur": 7,
        "unit_type": "weight",
        "grams": 1000,
        "price_per_kg": 7,
        "options": [
          {
            "name": "Poids",
            "value": "1 kg"
          },
          {
            "name": "Couleur ",
            "value": "Blanc "
          }
        ]
      }
    ],
    "rawVariantsExist": true,
    "category": "Légumes"
  },
  {
    "url": "https://lesdelicesduverger.com/article/choux-fleur",
    "title": "Choux fleur",
    "image": "\n                https://images.sumup.com/img_5HJE6Z265B96V9Z6HN6G24NC6D/image.png",
    "description": "Le chou-fleur est un légume de la famille des brassicacées, étroitement lié aux choux. Il se distingue par sa tête blanche, composée de petits bouquets serrés appelés \"florets\", qui forment une inflorescence. Cette tête est entourée de feuilles vertes qui, une fois enlevées, laissent apparaître la partie comestible du chou-fleur.En termes de goût, le chou-fleur a une saveur douce et légèrement sucrée, avec une texture ferme mais tendre lorsqu'il est cuit. Il peut être consommé cru, en salade, ou cuit de différentes manières : à la vapeur, bouilli, rôti, ou même en gratin. Le chou-fleur est particulièrement populaire dans les cuisines d'Afrique du Nord, d'Asie, et de Méditerranée. Il est aussi un excellent substitut dans des recettes à base de riz ou de purée, notamment pour ceux qui suivent un régime faible en glucides.",
    "variants": [
      {
        "variant_id": "D0A5BAA4-AD04-4C3E-9155-8D82191A3406",
        "variant_name": null,
        "price_cents": 395,
        "price_eur": 3.95,
        "unit_type": "unknown",
        "grams": null,
        "price_per_kg": null,
        "options": []
      }
    ],
    "rawVariantsExist": true,
    "category": "Légumes"
  },
  {
    "url": "https://lesdelicesduverger.com/article/choux-rouge-blanc",
    "title": "Choux rouge/blanc",
    "image": "\n                https://images.sumup.com/img_4ZZM4CH0HA8WK8SEWR7H3YGDHY/image.png",
    "description": "Le chou rouge et le chou blanc sont deux variétés de chou, mais ils diffèrent principalement par leur couleur et quelques caractéristiques de goût et de texture.Chou rouge :Le chou rouge a une belle couleur pourpre ou rouge foncé, parfois tirant sur le violet.Il possède des feuilles croquantes, légèrement plus tendres que celles du chou blanc, et une saveur plus douce et légèrement sucrée, avec une pointe de piquant. En termes de nutrition, il est riche en antioxydants, en vitamine C et en fibres.Chou blanc :Le chou blanc, de son côté, a une couleur plus pâle, souvent blanche ou vert pâle, avec des feuilles fermes et plus croquantes. Sa saveur est plus neutre, légèrement sucrée, mais moins intense que celle du chou rouge. C'est le chou le plus couramment utilisé pour faire de la choucroute, ainsi que dans les soupes, les gratins et les salades. Le chou blanc est aussi riche en vitamine C et en fibres, et il se conserve bien, ce qui en fait un légume populaire en hiver.",
    "variants": [
      {
        "variant_id": "15F611ED-F4CE-418F-BA7E-46AF557F81E9",
        "variant_name": "Rouge",
        "price_cents": 390,
        "price_eur": 3.9,
        "unit_type": "unknown",
        "grams": null,
        "price_per_kg": null,
        "options": [
          {
            "name": "Couleur",
            "value": "Rouge"
          }
        ]
      },
      {
        "variant_id": "58b2899e-9c4f-41a7-b898-7530f9fc4685",
        "variant_name": "Blanc",
        "price_cents": 390,
        "price_eur": 3.9,
        "unit_type": "unknown",
        "grams": null,
        "price_per_kg": null,
        "options": [
          {
            "name": "Couleur",
            "value": "Blanc"
          }
        ]
      }
    ],
    "rawVariantsExist": true,
    "category": "Légumes"
  },
  {
    "url": "https://lesdelicesduverger.com/article/choux-vert",
    "title": "Choux vert",
    "image": "\n                https://images.sumup.com/img_3JY3AYNBD798FSSSJK84YSXY0R/image.png",
    "description": "Le chou vert est un légume de la famille des brassicacées, similaire au chou frisé, mais avec des feuilles lisses et d'un vert profond. Il se distingue par sa forme généralement ronde ou légèrement aplatie, avec des feuilles assez épaisses et fermes.Contrairement au chou de Bruxelles ou au chou-fleur, le chou vert ne se consomme pas sous forme de \"têtes\" compactes, mais plutôt en feuilles séparées.En termes de goût, le chou vert a une saveur plus douce que d'autres variétés de chou, mais avec une légère amertume, surtout lorsqu'il est cru. Cuit, il devient plus tendre et sa saveur devient plus douce et sucrée. Le chou vert peut être utilisé dans une grande variété de plats : en soupe, en pot-au-feu, en gratin, ou encore sauté avec de l'ail et de l'huile d'olive. Dans certaines cuisines, il est également braisé ou cuit à la vapeur.",
    "variants": [
      {
        "variant_id": "272195DB-D21C-482F-96F7-92964226C9EA",
        "variant_name": null,
        "price_cents": 395,
        "price_eur": 3.95,
        "unit_type": "unknown",
        "grams": null,
        "price_per_kg": null,
        "options": []
      }
    ],
    "rawVariantsExist": true,
    "category": "Légumes"
  },
  {
    "url": "https://lesdelicesduverger.com/article/concombre",
    "title": "Concombre",
    "image": "\n                https://images.sumup.com/img_0792SKGFW989RRN0S6XDJDZYMX/image.png",
    "description": "Concombre - Fraîcheur et Légèreté auQuotidienLe concombre est un incontournable des cuisines estivales, apprécié pour sa fraîcheur, sa texture croquante et sa légèreté. Très pauvre en calories mais riche en eau, en fibres et en vitamines (notamment K et C), il est idéal pour s'hydrater et se rafraîchir naturellement.Parfait en salade, en jus detox, en tzatziki ou simplement croqué nature, le concombre apporte une touche saine et désaltérante à vos repas.",
    "variants": [
      {
        "variant_id": "A9EA7357-7AAE-4FF2-8BF2-52943CF6BBC2",
        "variant_name": "Une pièce ",
        "price_cents": 195,
        "price_eur": 1.95,
        "unit_type": "unknown",
        "grams": null,
        "price_per_kg": null,
        "options": [
          {
            "name": "Promo",
            "value": "Une pièce "
          }
        ]
      },
      {
        "variant_id": "5e22a77a-a01c-486b-a37d-71978f2e59f2",
        "variant_name": "Deux pièces ",
        "price_cents": 350,
        "price_eur": 3.5,
        "unit_type": "unknown",
        "grams": null,
        "price_per_kg": null,
        "options": [
          {
            "name": "Promo",
            "value": "Deux pièces "
          }
        ]
      }
    ],
    "rawVariantsExist": true,
    "category": "Légumes"
  },
  {
    "url": "https://lesdelicesduverger.com/article/courgette",
    "title": "Courgette",
    "image": "\n                https://images.sumup.com/img_6Y4Z94Y6BT9A99X948KEQENJK1/image.png",
    "description": "La courgette est un légume d'été appartenant à la famille des cucurbitacées. Originaire d'Amérique centrale, elle est aujourd'hui largement cultivée dans le monde entier. La courgette se distingue par sa peau lisse de couleur verte ou jaune et sa chair tendre au goûtdélicat.Récoltée jeune, elle offre une texture croquante et une saveur douce, idéale pour une multitude de préparations culinaires : sautée, grillée, en soupe ou même crue en salade. Riche en eau et faible en calories, la courgette est également une excellente source de vitamines et de minéraux.",
    "variants": [
      {
        "variant_id": "1D1A3E26-B2EB-43F9-AE5B-849E2520F903",
        "variant_name": "500g",
        "price_cents": 190,
        "price_eur": 1.9,
        "unit_type": "weight",
        "grams": 500,
        "price_per_kg": 3.8,
        "options": [
          {
            "name": "Poids",
            "value": "500g"
          }
        ]
      },
      {
        "variant_id": "bc7f9f45-dde0-4c50-be4c-9d2070a1383d",
        "variant_name": "1kg",
        "price_cents": 390,
        "price_eur": 3.9,
        "unit_type": "weight",
        "grams": 1000,
        "price_per_kg": 3.9,
        "options": [
          {
            "name": "Poids",
            "value": "1kg"
          }
        ]
      }
    ],
    "rawVariantsExist": true,
    "category": "Légumes"
  },
  {
    "url": "https://lesdelicesduverger.com/article/courgettes-jaune",
    "title": "Courgettes jaune",
    "image": "\n                https://images.sumup.com/img_41GRZVF66P93JA6W12T4BS9BS8/image.png",
    "description": "Courgette Jaune - Douce, Colorée etPleine de SoleilLa courgette jaune se distingue par sa belle couleur dorée et sa saveur douce, plus sucrée que la courgette verte. Sa chair tendre et sa peau fine en font un légume facile à cuisiner, riche en eau, en fibres, en vitamines A et C, et en antioxydants.Parfaite sautée, farcie, en gratin, en ratatouille ou même crue en salade.",
    "variants": [
      {
        "variant_id": "DEA1B972-55D4-4065-9088-757BBFE1A8AE",
        "variant_name": "500g",
        "price_cents": 295,
        "price_eur": 2.95,
        "unit_type": "weight",
        "grams": 500,
        "price_per_kg": 5.9,
        "options": [
          {
            "name": "Poids",
            "value": "500g"
          }
        ]
      },
      {
        "variant_id": "58c1109d-aa80-4e7c-a534-ea56f4c21dc5",
        "variant_name": "1kg",
        "price_cents": 590,
        "price_eur": 5.9,
        "unit_type": "weight",
        "grams": 1000,
        "price_per_kg": 5.9,
        "options": [
          {
            "name": "Poids",
            "value": "1kg"
          }
        ]
      }
    ],
    "rawVariantsExist": true,
    "category": "Légumes"
  },
  {
    "url": "https://lesdelicesduverger.com/article/endive-rouge",
    "title": "Endive rouge",
    "image": "\n                https://images.sumup.com/img_6MMEW4WEJ89FAA588ZXMT4ZJJM/image.png",
    "description": "Endive Rouge - Élégante, Croquante etLégèrement AmèreL'endive rouge séduit par sa couleur pourpre vibrante et sa texture croquante.Plus douce que l'endive blanche, elle offre une subtile amertume parfaitement équilibrée. Riche en fibres, en antioxydants et en vitamines A et K, c'est un légume raffiné qui allie bien-être et plaisir.Idéale en salade pour ajouter couleur et originalité, l'endive rouge se prête aussi à des préparations chaudes, braisée ou gratinée, pour une cuisine saine et gourmande.",
    "variants": [
      {
        "variant_id": "468F7F90-F073-4A2F-893D-BE54277E5AF3",
        "variant_name": "500g",
        "price_cents": 495,
        "price_eur": 4.95,
        "unit_type": "weight",
        "grams": 500,
        "price_per_kg": 9.9,
        "options": [
          {
            "name": "Poids",
            "value": "500g"
          }
        ]
      },
      {
        "variant_id": "b6f76ab4-18ce-4130-a99f-e9e5c6c0f38d",
        "variant_name": "1kg",
        "price_cents": 990,
        "price_eur": 9.9,
        "unit_type": "weight",
        "grams": 1000,
        "price_per_kg": 9.9,
        "options": [
          {
            "name": "Poids",
            "value": "1kg"
          }
        ]
      }
    ],
    "rawVariantsExist": true,
    "category": "Légumes"
  },
  {
    "url": "https://lesdelicesduverger.com/article/epinards",
    "title": "Épinards",
    "image": "\n                https://images.sumup.com/img_04N6QC8Q028G59WC7MKTG2MN5N/image.png",
    "description": "Épinard - Feuillu, Nutritif et Délicieusement PolyvalentL'épinard est un légume-feuille vert foncé, apprécié pour sa richesse en nutriments et sa grande souplesse en cuisine. Il est une excellente source de fer, de calcium, de magnésium, ainsi que de vitamines A, C, K et B9, tout en étant très faible en calories.Délicieux cru en salade, ou cuit à la vapeur, à la poêle ou en gratin, l'épinard apporte douceur, fondant et bienfaits à vos plats du quotidien.",
    "variants": [
      {
        "variant_id": "2736BD0D-83B9-4819-8388-FC26C8C86CD0",
        "variant_name": "250g",
        "price_cents": 150,
        "price_eur": 1.5,
        "unit_type": "weight",
        "grams": 250,
        "price_per_kg": 6,
        "options": [
          {
            "name": "Poids",
            "value": "250g"
          }
        ]
      },
      {
        "variant_id": "18421edb-a139-4607-8502-1609527fb8c2",
        "variant_name": "500g",
        "price_cents": 300,
        "price_eur": 3,
        "unit_type": "weight",
        "grams": 500,
        "price_per_kg": 6,
        "options": [
          {
            "name": "Poids",
            "value": "500g"
          }
        ]
      }
    ],
    "rawVariantsExist": true,
    "category": "Légumes"
  },
  {
    "url": "https://lesdelicesduverger.com/article/fenouil",
    "title": "Fenouil",
    "image": "\n                https://images.sumup.com/img_5SWHN175NK9PB9FCX28R9D92TV/image.png",
    "description": "Le fenouil est un légume au goût anisé unique, très apprécié dans la cuisine méditerranéenne. Riche en fibres, en vitamine C et en antioxydants, il se consomme aussi bien cru (en salade) que cuit (gratin, soupe, vapeur). Sa texture croquante et sa fraîcheur en font un excellent allié santé.",
    "variants": [
      {
        "variant_id": "8EB02951-73D9-4DB0-BD90-87C7E4F7152B",
        "variant_name": "500g",
        "price_cents": 295,
        "price_eur": 2.95,
        "unit_type": "weight",
        "grams": 500,
        "price_per_kg": 5.9,
        "options": [
          {
            "name": "Poids",
            "value": "500g"
          }
        ]
      },
      {
        "variant_id": "b285acff-0c9d-40bd-8bdb-6cd4ec4c6ac6",
        "variant_name": "1kg",
        "price_cents": 590,
        "price_eur": 5.9,
        "unit_type": "weight",
        "grams": 1000,
        "price_per_kg": 5.9,
        "options": [
          {
            "name": "Poids",
            "value": "1kg"
          }
        ]
      }
    ],
    "rawVariantsExist": true,
    "category": "Légumes"
  },
  {
    "url": "https://lesdelicesduverger.com/article/feve",
    "title": "Fève",
    "image": "\n                https://images.sumup.com/img_0N5TG99G94977AB8Z1BH8WM92Q/image.png",
    "description": "Fève - Tendre, Nutritive et Pleine de GoûtLa fève est une légumineuse printanière au goût doux et légèrement sucré, très appréciée pour sa texture fondante. Riche en protéines végétales, en fibres, en fer, en magnésium et en vitamines B, elle est idéale pour une alimentation équilibrée et énergisante.Délicieuse en salade, en ragoût, en purée ou simplement sautée avec un filet d'huile d'olive et quelques herbes, la fève est un ingrédient savoureux qui apporte de la richesse à vos plats.",
    "variants": [
      {
        "variant_id": "E834B307-BF80-4703-BED6-BEDD65F3B87C",
        "variant_name": "500g",
        "price_cents": 345,
        "price_eur": 3.45,
        "unit_type": "weight",
        "grams": 500,
        "price_per_kg": 6.9,
        "options": [
          {
            "name": "Poids",
            "value": "500g"
          }
        ]
      },
      {
        "variant_id": "1a7dcb25-1de1-40d2-9b2c-4afa9b387b3b",
        "variant_name": "1kg",
        "price_cents": 690,
        "price_eur": 6.9,
        "unit_type": "weight",
        "grams": 1000,
        "price_per_kg": 6.9,
        "options": [
          {
            "name": "Poids",
            "value": "1kg"
          }
        ]
      }
    ],
    "rawVariantsExist": true,
    "category": "Légumes"
  },
  {
    "url": "https://lesdelicesduverger.com/article/haricot-vert-extra-fin-kenya",
    "title": "Haricot vert extra fin kenya",
    "image": "\n                https://images.sumup.com/img_12K17MK2N48CPVNGD0WHQJGJMJ/image.png",
    "description": "Le haricot vert extra fin du Kenya est une variété prisée pour sa finesse, sa texture croquante et sa saveur délicate. Cultivé principalement dans les régions montagneuses du Kenya, ce légume est récolté à la main pour garantir sa qualité. Il est idéal pour être consommé frais, en salade, sauté ou en accompagnement de plats principaux.",
    "variants": [
      {
        "variant_id": "D6209AB0-2D05-46EC-904B-07C772E1E8CB",
        "variant_name": "500g",
        "price_cents": 745,
        "price_eur": 7.45,
        "unit_type": "weight",
        "grams": 500,
        "price_per_kg": 14.9,
        "options": [
          {
            "name": "Poids",
            "value": "500g"
          }
        ]
      },
      {
        "variant_id": "b6721ed4-2106-445b-9501-bbcb7772b8ff",
        "variant_name": "1 kg",
        "price_cents": 1490,
        "price_eur": 14.9,
        "unit_type": "weight",
        "grams": 1000,
        "price_per_kg": 14.9,
        "options": [
          {
            "name": "Poids",
            "value": "1 kg"
          }
        ]
      }
    ],
    "rawVariantsExist": true,
    "category": "Légumes"
  },
  {
    "url": "https://lesdelicesduverger.com/article/haricot-verts-barquette-250g",
    "title": "Haricot verts barquette (250g)",
    "image": "\n                https://images.sumup.com/img_2WMBQ7JHMJ8CCVTBGTBGM1N56B/image.png",
    "description": "Haricots Verts - Fins, Croquants etPleins de FraîcheurLes haricots verts sont des légumes incontournables pour une cuisine légère et gourmande. Fins, croquants et délicatement sucrés, ils sont riches en fibres, en vitamines (C, B9) et en minéraux essentiels comme le potassium et le magnésium. Faibles en calories, ils sont parfaits pour une alimentation saine et équilibrée.Délicieux simplement cuits à la vapeur, sautés à l'ail ou intégrés à vos salades et plats mijotés, les haricots verts apportent couleur, fraîcheur et légèreté à votre table.",
    "variants": [
      {
        "variant_id": "262999B2-7EDB-4C93-B108-BCA6C1716861",
        "variant_name": null,
        "price_cents": 395,
        "price_eur": 3.95,
        "unit_type": "unknown",
        "grams": null,
        "price_per_kg": null,
        "options": []
      }
    ],
    "rawVariantsExist": true,
    "category": "Légumes"
  },
  {
    "url": "https://lesdelicesduverger.com/article/navet",
    "title": "Navet",
    "image": "\n                https://images.sumup.com/img_6H2BEEB9AQ812RD1R0THQ4EG9Q/image.png",
    "description": "Le navet est un légume racine de la famille des Brassicacées, souvent apprécié pour sa saveur légèrement sucrée et sa texture croquante. Il est cultivé dans de nombreuses régions et peut être consommé de diverses manières.",
    "variants": [
      {
        "variant_id": "D661ADF8-B780-4CB2-9D7F-45B37A48C9A9",
        "variant_name": "500g",
        "price_cents": 195,
        "price_eur": 1.95,
        "unit_type": "weight",
        "grams": 500,
        "price_per_kg": 3.9,
        "options": [
          {
            "name": "Poids",
            "value": "500g"
          }
        ]
      },
      {
        "variant_id": "977a58d5-9e31-43f0-9d7c-e36eb532049e",
        "variant_name": "1kg",
        "price_cents": 390,
        "price_eur": 3.9,
        "unit_type": "weight",
        "grams": 1000,
        "price_per_kg": 3.9,
        "options": [
          {
            "name": "Poids",
            "value": "1kg"
          }
        ]
      }
    ],
    "rawVariantsExist": true,
    "category": "Légumes"
  },
  {
    "url": "https://lesdelicesduverger.com/article/oignon-botte",
    "title": "Oignon botte",
    "image": "\n                https://images.sumup.com/img_4ZYJ1BVDS28Q0VKCV0D7JD7AW7/image.png",
    "description": "L'oignon botte, aussi appelé oignon frais ou oignon nouveau, est un jeune oignon récolté avant sa maturité complète. Il se présente en bottes, avec un petit bulbe blanc et de longues tiges vertes. Sa saveur est douce, légèrement sucrée, et moins forte que celle des oignons secs.Entièrement comestible, on peut utiliser à la fois le bulbe et les tiges dans de nombreuses recettes: salades, omelettes, poêlées, soupes ou encore en garniture.Très apprécié au printemps, l'oignon botte apporte une touche de fraîcheur et de légèreté à la cuisine.",
    "variants": [
      {
        "variant_id": "D6DC8C3B-6D15-42CF-8A31-02F5FF166497",
        "variant_name": null,
        "price_cents": 395,
        "price_eur": 3.95,
        "unit_type": "unknown",
        "grams": null,
        "price_per_kg": null,
        "options": []
      }
    ],
    "rawVariantsExist": true,
    "category": "Légumes"
  },
  {
    "url": "https://lesdelicesduverger.com/article/oignon-cebette-botte",
    "title": "Oignon cébette (botte)",
    "image": "\n                https://images.sumup.com/img_55KMT1SPVM8FAVNR67T0PM7Y99/image.png",
    "description": "L'oignon cébette, aussi appelé oignon vert ou ciboule, est une plante potagère à longues tiges vertes et fines, avec un petit bulbe peu développé. Doux et parfumé, il est très utilisé dans les cuisines méditerranéenne et asiatique. On le consomme cru dans les salades ou cuit dans les sautés, soupes et omelettes.Toute la plante est comestible, du bulbe a la tige verte, ce qui en fait un ingrédient frais, polyvalent et plein de saveur.",
    "variants": [
      {
        "variant_id": "5451C279-D682-46BB-BC80-E38DD08F6FBD",
        "variant_name": null,
        "price_cents": 250,
        "price_eur": 2.5,
        "unit_type": "unknown",
        "grams": null,
        "price_per_kg": null,
        "options": []
      }
    ],
    "rawVariantsExist": true,
    "category": "Légumes"
  },
  {
    "url": "https://lesdelicesduverger.com/article/oignon-doux",
    "title": "Oignon doux",
    "image": "",
    "description": "L'oignon doux est une variété d'oignon au goût subtil et sucré, moins piquant que l'oignon jaune classique. Sa chair est tendre, juteuse et de couleur blanche ou légèrement rosée. Grâce à sa faible teneur en composés sulfurés, il est très apprécié cru, notamment dans les salades, les sandwichs ou en accompagnement.L'oignon doux est cultivé dans des régions spécifiques et bénéficie parfois d'une appellation d'origine contrôlée, comme l'oignon doux des Cévennes en France.Riche en antioxydants, il offre également des bienfaits pour la santé, notamment pour le système immunitaire et cardiovasculaire.",
    "variants": [
      {
        "variant_id": "C7CC552A-89E4-49A5-B7D2-846CD85BCD6B",
        "variant_name": "500g",
        "price_cents": 295,
        "price_eur": 2.95,
        "unit_type": "weight",
        "grams": 500,
        "price_per_kg": 5.9,
        "options": [
          {
            "name": "Poids",
            "value": "500g"
          }
        ]
      },
      {
        "variant_id": "fde81ad0-a2c0-401f-ab95-df70bd1acf8e",
        "variant_name": "1kg",
        "price_cents": 590,
        "price_eur": 5.9,
        "unit_type": "weight",
        "grams": 1000,
        "price_per_kg": 5.9,
        "options": [
          {
            "name": "Poids",
            "value": "1kg"
          }
        ]
      }
    ],
    "rawVariantsExist": true,
    "category": "Légumes"
  },
  {
    "url": "https://lesdelicesduverger.com/article/oignon-jaune",
    "title": "Oignon jaune",
    "image": "\n                https://images.sumup.com/img_1CXPAFG3FR8WTBE5TNHWQSD13V/image.png",
    "description": "L'oignon blanc est un bulbe potager de la famille des Amaryllidacées, cultivé pour son goût doux et sa texture croquante. Il est souvent récolté jeune, ce qui lui donne une saveur plus subtile que celle des oignons jaunes ou rouges.",
    "variants": [
      {
        "variant_id": "1A8BCFA0-04ED-4926-A356-282ABA38928E",
        "variant_name": "500g",
        "price_cents": 145,
        "price_eur": 1.45,
        "unit_type": "weight",
        "grams": 500,
        "price_per_kg": 2.9,
        "options": [
          {
            "name": "Poids",
            "value": "500g"
          }
        ]
      },
      {
        "variant_id": "f658d37e-8a88-4a07-ba22-ecef68569f22",
        "variant_name": "1kg",
        "price_cents": 290,
        "price_eur": 2.9,
        "unit_type": "weight",
        "grams": 1000,
        "price_per_kg": 2.9,
        "options": [
          {
            "name": "Poids",
            "value": "1kg"
          }
        ]
      }
    ],
    "rawVariantsExist": true,
    "category": "Légumes"
  },
  {
    "url": "https://lesdelicesduverger.com/article/oignon-rouge-blanc",
    "title": "Oignon rouge/blanc",
    "image": "\n                https://images.sumup.com/img_4FT35ZCZKG9TCSFWJ7P2GX1KR0/image.png",
    "description": "Oignon Rouge – Saveur et couleur au naturelL’oignon rouge est un ingrédient incontournable en cuisine, apprécié pour sa couleur pourpre vibrante et son goût délicatement sucré. Sa texture croquante et sa saveur douce en font un choix idéal cru dans les salades, ou légèrement caramélisé dans des plats chauds.",
    "variants": [
      {
        "variant_id": "FD4EB2CC-C013-4071-B7BE-1E72FDC71796",
        "variant_name": "500g · Blanc",
        "price_cents": 195,
        "price_eur": 1.95,
        "unit_type": "weight",
        "grams": 500,
        "price_per_kg": 3.9,
        "options": [
          {
            "name": "Poids",
            "value": "500g"
          },
          {
            "name": "Couleur",
            "value": "Blanc"
          }
        ]
      },
      {
        "variant_id": "01c0a2e0-4103-4661-b95e-eb70ccf14761",
        "variant_name": "500g · Rouge",
        "price_cents": 195,
        "price_eur": 1.95,
        "unit_type": "weight",
        "grams": 500,
        "price_per_kg": 3.9,
        "options": [
          {
            "name": "Poids",
            "value": "500g"
          },
          {
            "name": "Couleur",
            "value": "Rouge"
          }
        ]
      },
      {
        "variant_id": "90636ae2-f41f-41df-8cf3-205ab62c80ae",
        "variant_name": "500g · Mixte",
        "price_cents": 195,
        "price_eur": 1.95,
        "unit_type": "weight",
        "grams": 500,
        "price_per_kg": 3.9,
        "options": [
          {
            "name": "Poids",
            "value": "500g"
          },
          {
            "name": "Couleur",
            "value": "Mixte"
          }
        ]
      },
      {
        "variant_id": "41fc35b6-4027-49cb-bf14-fe7d96168eb5",
        "variant_name": "1 kg · Blanc",
        "price_cents": 390,
        "price_eur": 3.9,
        "unit_type": "weight",
        "grams": 1000,
        "price_per_kg": 3.9,
        "options": [
          {
            "name": "Poids",
            "value": "1 kg"
          },
          {
            "name": "Couleur",
            "value": "Blanc"
          }
        ]
      },
      {
        "variant_id": "2aae9a86-a232-46b8-9a07-e05183f7d286",
        "variant_name": "1 kg · Rouge",
        "price_cents": 390,
        "price_eur": 3.9,
        "unit_type": "weight",
        "grams": 1000,
        "price_per_kg": 3.9,
        "options": [
          {
            "name": "Poids",
            "value": "1 kg"
          },
          {
            "name": "Couleur",
            "value": "Rouge"
          }
        ]
      },
      {
        "variant_id": "77cc62d9-b8cb-42e9-9aa1-56a09ff67324",
        "variant_name": "1 kg · Mixte",
        "price_cents": 390,
        "price_eur": 3.9,
        "unit_type": "weight",
        "grams": 1000,
        "price_per_kg": 3.9,
        "options": [
          {
            "name": "Poids",
            "value": "1 kg"
          },
          {
            "name": "Couleur",
            "value": "Mixte"
          }
        ]
      }
    ],
    "rawVariantsExist": true,
    "category": "Légumes"
  },
  {
    "url": "https://lesdelicesduverger.com/article/panais",
    "title": "Panais",
    "image": "\n                https://images.sumup.com/img_5ZBDC9RV6D99NA28ZADK74S38Y/image.png",
    "description": "Le panais (ou Pastinaca sativa) est un légume racine de la famille des Apiacées, apparenté à la carotte et au céleri. Il a une forme allongée et une saveur douce. sucrée et légèrement épicée, ce qui en fait un légume polyvalent en cuisine.",
    "variants": [
      {
        "variant_id": "AFAD6E1D-1227-4516-839E-CE5DE1D14F6F",
        "variant_name": "500g",
        "price_cents": 245,
        "price_eur": 2.45,
        "unit_type": "weight",
        "grams": 500,
        "price_per_kg": 4.9,
        "options": [
          {
            "name": "Poids",
            "value": "500g"
          }
        ]
      },
      {
        "variant_id": "5642b715-cdb7-4e0c-8238-69cd34c1251d",
        "variant_name": "1kg",
        "price_cents": 490,
        "price_eur": 4.9,
        "unit_type": "weight",
        "grams": 1000,
        "price_per_kg": 4.9,
        "options": [
          {
            "name": "Poids",
            "value": "1kg"
          }
        ]
      }
    ],
    "rawVariantsExist": true,
    "category": "Légumes"
  },
  {
    "url": "https://lesdelicesduverger.com/article/patate-douce",
    "title": "Patate douce",
    "image": "\n                https://images.sumup.com/img_0M5DTWRP1D8CPV199M9HX6KD1M/image.png",
    "description": "La patate douce (ou Ipomoea batatas)est un tubercule comestible de la famille des Convolvulacées, souvent confondu avec la pomme de terre, bien qu'elle soit botaniquement différente. Elle se distingue par sa peau lisse et sa chair sucrée et moelleuse.",
    "variants": [
      {
        "variant_id": "0742DECB-F9F9-49B7-8461-187AECF5429E",
        "variant_name": "500g",
        "price_cents": 195,
        "price_eur": 1.95,
        "unit_type": "weight",
        "grams": 500,
        "price_per_kg": 3.9,
        "options": [
          {
            "name": "Poids",
            "value": "500g"
          }
        ]
      },
      {
        "variant_id": "bdace7f9-8e29-4acc-a1fd-09d43a895a57",
        "variant_name": "1kg",
        "price_cents": 390,
        "price_eur": 3.9,
        "unit_type": "weight",
        "grams": 1000,
        "price_per_kg": 3.9,
        "options": [
          {
            "name": "Poids",
            "value": "1kg"
          }
        ]
      }
    ],
    "rawVariantsExist": true,
    "category": "Légumes"
  },
  {
    "url": "https://lesdelicesduverger.com/article/petit-poids",
    "title": "Petit poids",
    "image": "\n                https://images.sumup.com/img_77CRBTPTN696YT4BAN9P26BCHJ/image.png",
    "description": "Petits Pois - Tendres, Sucrés et Pleins de VitalitéLes petits pois sont de véritables trésors de douceur et de fraîcheur. Récoltés jeunes, ils offrent une texture tendre et une saveur naturellement sucrée qui plaît à toute la famille. Riches en fibres, en protéines végétales, en vitamines (B, C) et en minéraux, ils apportent énergie et légèreté à vos repas.Parfaits en accompagnement, en purée, en salade ou en risotto, les petits pois sont un incontournable de la cuisine printanière et gourmande.",
    "variants": [
      {
        "variant_id": "33AD64D9-9903-4C9A-847C-4DB19CA19E9C",
        "variant_name": "500g",
        "price_cents": 495,
        "price_eur": 4.95,
        "unit_type": "weight",
        "grams": 500,
        "price_per_kg": 9.9,
        "options": [
          {
            "name": "Poids",
            "value": "500g"
          }
        ]
      },
      {
        "variant_id": "f8991122-c4bb-4ad6-9643-70bda4e163d4",
        "variant_name": "1kg",
        "price_cents": 990,
        "price_eur": 9.9,
        "unit_type": "weight",
        "grams": 1000,
        "price_per_kg": 9.9,
        "options": [
          {
            "name": "Poids",
            "value": "1kg"
          }
        ]
      }
    ],
    "rawVariantsExist": true,
    "category": "Légumes"
  },
  {
    "url": "https://lesdelicesduverger.com/article/petit-pois",
    "title": "Petit pois",
    "image": "\n                https://images.sumup.com/img_36PBT2YYY98EQRVMEETMXXNJSF/image.png",
    "description": "Petit Pois – Douceur printanière et fraîcheur garantieLe petit pois est un légume tendre et sucré, symbole de la fraîcheur du printemps. Cueilli jeune, il offre une texture fondante et une saveur douce, idéale pour une cuisine légère et savoureuse. En accompagnement, en purée ou en salade, il séduit petits et grands par sa simplicité et son goût naturellement sucré.",
    "variants": [
      {
        "variant_id": "363B0758-A9B9-4847-86CC-5D0539F2C0FB",
        "variant_name": "500g ",
        "price_cents": 495,
        "price_eur": 4.95,
        "unit_type": "weight",
        "grams": 500,
        "price_per_kg": 9.9,
        "options": [
          {
            "name": "Poids",
            "value": "500g "
          }
        ]
      },
      {
        "variant_id": "1c7117a9-67c5-4bc8-9b3b-fe1044bb6cc3",
        "variant_name": "1 kg",
        "price_cents": 990,
        "price_eur": 9.9,
        "unit_type": "weight",
        "grams": 1000,
        "price_per_kg": 9.9,
        "options": [
          {
            "name": "Poids",
            "value": "1 kg"
          }
        ]
      }
    ],
    "rawVariantsExist": true,
    "category": "Légumes"
  },
  {
    "url": "https://lesdelicesduverger.com/article/piment-vert",
    "title": "Piment vert",
    "image": "\n                https://images.sumup.com/img_69PKC69DKT8VMAC3GSDTA9BGSA/image.png",
    "description": "Piment Vert - Une Touche de Caractère et de FraîcheurLe piment vert est l'ingrédient parfait pour relever vos plats avec finesse. À la fois croquant, frais et légèrement piquant, il apporte du peps à vos recettes sans masquer les saveurs. Riche en vitamines C et A, il stimule le métabolisme et apporte une belle touche colorée dans vos assiettes.Idéal cru dans les salades, mariné, ou cuisiné dans les sauces, tajines et plats épicés, le piment vert est un incontournable pour les amateurs de cuisine pleine de caractère.",
    "variants": [
      {
        "variant_id": "8A93A954-1F32-4967-80F9-84248F0668E7",
        "variant_name": "500g",
        "price_cents": 400,
        "price_eur": 4,
        "unit_type": "weight",
        "grams": 500,
        "price_per_kg": 8,
        "options": [
          {
            "name": "Poids",
            "value": "500g"
          }
        ]
      },
      {
        "variant_id": "86628bb4-701e-42c6-8580-4f0897eb0458",
        "variant_name": "250g",
        "price_cents": 200,
        "price_eur": 2,
        "unit_type": "weight",
        "grams": 250,
        "price_per_kg": 8,
        "options": [
          {
            "name": "Poids",
            "value": "250g"
          }
        ]
      }
    ],
    "rawVariantsExist": true,
    "category": "Légumes"
  },
  {
    "url": "https://lesdelicesduverger.com/article/poireau",
    "title": "Poireau",
    "image": "\n                https://images.sumup.com/img_07Q2XDA31E9SQBNKK0PNQPE2JS/image.png",
    "description": "Le poireau est un légume de la famille des Amaryllidacées, étroitement lié à l'ail, à l'oignon et à l'échalote. Il est reconnu pour sa tige allongée et blanche, ainsi que pour ses feuilles vertes qui se développent à la base.Forme : Le poireau a une tige longue, cylindrique, qui se termine par des feuilles vertes, plus larges et plates. La partie comestible est principalement la tige blanche, qui est douce et tendre lorsqu'elle est cuite.",
    "variants": [
      {
        "variant_id": "07EA1BB8-2A6E-4CB2-97F5-7644B22E9EEE",
        "variant_name": "500g",
        "price_cents": 195,
        "price_eur": 1.95,
        "unit_type": "weight",
        "grams": 500,
        "price_per_kg": 3.9,
        "options": [
          {
            "name": "Poids",
            "value": "500g"
          }
        ]
      },
      {
        "variant_id": "a7c653d3-e6fa-49e0-a9d6-8dfc4eb9b313",
        "variant_name": "1kg",
        "price_cents": 390,
        "price_eur": 3.9,
        "unit_type": "weight",
        "grams": 1000,
        "price_per_kg": 3.9,
        "options": [
          {
            "name": "Poids",
            "value": "1kg"
          }
        ]
      }
    ],
    "rawVariantsExist": true,
    "category": "Légumes"
  },
  {
    "url": "https://lesdelicesduverger.com/article/poivrons-couleur",
    "title": "Poivrons couleur",
    "image": "\n                https://images.sumup.com/img_3R5KAWYQPQ8WZV7GSXXW3DVEJQ/image.png",
    "description": "Le poivron est le fruit d'une plante de la famille des Solanacées, tout comme la tomate ou l'aubergine. Il est originaire d'Amérique centrale et du Sud. Bien qu'il soit botaniquement un fruit, il est couramment utilisé comme légume en cuisine.",
    "variants": [
      {
        "variant_id": "2A6F6935-0846-4D17-95E3-9D955001D0B8",
        "variant_name": "500g · Jaune",
        "price_cents": 295,
        "price_eur": 2.95,
        "unit_type": "weight",
        "grams": 500,
        "price_per_kg": 5.9,
        "options": [
          {
            "name": "Poids",
            "value": "500g"
          },
          {
            "name": "Couleur",
            "value": "Jaune"
          }
        ]
      },
      {
        "variant_id": "eaa888eb-934e-43bb-a87f-6be833610201",
        "variant_name": "500g · Rouge",
        "price_cents": 295,
        "price_eur": 2.95,
        "unit_type": "weight",
        "grams": 500,
        "price_per_kg": 5.9,
        "options": [
          {
            "name": "Poids",
            "value": "500g"
          },
          {
            "name": "Couleur",
            "value": "Rouge"
          }
        ]
      },
      {
        "variant_id": "5e63d5c2-8d44-4207-a1d5-98652151fa7f",
        "variant_name": "500g · Vert",
        "price_cents": 295,
        "price_eur": 2.95,
        "unit_type": "weight",
        "grams": 500,
        "price_per_kg": 5.9,
        "options": [
          {
            "name": "Poids",
            "value": "500g"
          },
          {
            "name": "Couleur",
            "value": "Vert"
          }
        ]
      },
      {
        "variant_id": "d51e5db1-53e6-43a3-bbc4-6213be1f6aa3",
        "variant_name": "1kg · Jaune",
        "price_cents": 590,
        "price_eur": 5.9,
        "unit_type": "weight",
        "grams": 1000,
        "price_per_kg": 5.9,
        "options": [
          {
            "name": "Poids",
            "value": "1kg"
          },
          {
            "name": "Couleur",
            "value": "Jaune"
          }
        ]
      },
      {
        "variant_id": "4dd54403-1553-4200-a739-c5053f4566ec",
        "variant_name": "1kg · Rouge",
        "price_cents": 590,
        "price_eur": 5.9,
        "unit_type": "weight",
        "grams": 1000,
        "price_per_kg": 5.9,
        "options": [
          {
            "name": "Poids",
            "value": "1kg"
          },
          {
            "name": "Couleur",
            "value": "Rouge"
          }
        ]
      },
      {
        "variant_id": "d8cc3633-5d71-4b1d-8208-ffcf2afb5e34",
        "variant_name": "1kg · Vert",
        "price_cents": 590,
        "price_eur": 5.9,
        "unit_type": "weight",
        "grams": 1000,
        "price_per_kg": 5.9,
        "options": [
          {
            "name": "Poids",
            "value": "1kg"
          },
          {
            "name": "Couleur",
            "value": "Vert"
          }
        ]
      }
    ],
    "rawVariantsExist": true,
    "category": "Légumes"
  },
  {
    "url": "https://lesdelicesduverger.com/article/pomme-de-terre-bintje",
    "title": "Pomme de terre bintje",
    "image": "\n                https://images.sumup.com/img_5T6REAVGY78PXABAEPWZPG4DJV/image.png",
    "description": "La pomme de terre Bintje est une variété très populaire, surtout en Europe, particulièrement appréciée pour sa polyvalence et sa texture idéale pour certaines préparations culinaires.",
    "variants": [
      {
        "variant_id": "7AC7AF21-C04B-4884-84DC-FE9365BFE337",
        "variant_name": "500g",
        "price_cents": 95,
        "price_eur": 0.95,
        "unit_type": "weight",
        "grams": 500,
        "price_per_kg": 1.9,
        "options": [
          {
            "name": "Poids",
            "value": "500g"
          }
        ]
      },
      {
        "variant_id": "d775fb75-699d-4762-aaa0-961b1e631488",
        "variant_name": "1kg",
        "price_cents": 190,
        "price_eur": 1.9,
        "unit_type": "weight",
        "grams": 1000,
        "price_per_kg": 1.9,
        "options": [
          {
            "name": "Poids",
            "value": "1kg"
          }
        ]
      }
    ],
    "rawVariantsExist": true,
    "category": "Légumes"
  },
  {
    "url": "https://lesdelicesduverger.com/article/pomme-de-terre-charlotte",
    "title": "Pomme de terre Charlotte",
    "image": "\n                https://images.sumup.com/img_2AFFRVXGGQ8B5R97MERRBGYDWD/image.png",
    "description": "La pomme de terre Charlotte est une variété de pomme de terre à chair ferme, très appréciée pour sa texture lisse et sa tenue à la cuisson. Elle est de taille moyenne à petite, avec une peau fine et légèrement rugueuse de couleur jaune clair, parfois dorée. Sa chair est jaune pâle, dense et fondante, ce qui en fait une variété idéale pour des préparations où la forme doit être préservée, comme dans les salades, les gratins, ou simplement cuite à la vapeur.En termes de goût, la pomme de terreCharlotte a une saveur douce, légèrement noisettée, et elle est reconnue pour son moelleux tout en restant ferme après cuisson, ce qui la rend parfaite pour les plats qui demandent une bonne tenue à la cuisson, sans se défaire.",
    "variants": [
      {
        "variant_id": "CC2F44C4-10BB-40DE-A0B0-46A25DE6A0E0",
        "variant_name": "500g",
        "price_cents": 145,
        "price_eur": 1.45,
        "unit_type": "weight",
        "grams": 500,
        "price_per_kg": 2.9,
        "options": [
          {
            "name": "Poids",
            "value": "500g"
          }
        ]
      },
      {
        "variant_id": "24feec26-2875-4dd1-bdc3-3b5b052f27f1",
        "variant_name": "1kg",
        "price_cents": 290,
        "price_eur": 2.9,
        "unit_type": "weight",
        "grams": 1000,
        "price_per_kg": 2.9,
        "options": [
          {
            "name": "Poids",
            "value": "1kg"
          }
        ]
      }
    ],
    "rawVariantsExist": true,
    "category": "Légumes"
  },
  {
    "url": "https://lesdelicesduverger.com/article/pomme-de-terre-roseval",
    "title": "Pomme de terre Roseval",
    "image": "\n                https://images.sumup.com/img_7Y2W2FB5DZ87CVC1R2S54GXQ1T/image.png",
    "description": "La pomme de terre Roseval est une variété à chair ferme, reconnue pour sa texture agréable et sa saveur délicate.Issue du croisement entre les variétés'Rosa' et 'Vale', elle a été mise au point en Bretagne en 1950",
    "variants": [
      {
        "variant_id": "9AE08D7D-585C-43C5-B347-8D218064F7D5",
        "variant_name": "500g",
        "price_cents": 195,
        "price_eur": 1.95,
        "unit_type": "weight",
        "grams": 500,
        "price_per_kg": 3.9,
        "options": [
          {
            "name": "Poids",
            "value": "500g"
          }
        ]
      },
      {
        "variant_id": "2d9cdf6e-5a7b-4a25-92c5-d83655c955f8",
        "variant_name": "1kg",
        "price_cents": 290,
        "price_eur": 2.9,
        "unit_type": "weight",
        "grams": 1000,
        "price_per_kg": 2.9,
        "options": [
          {
            "name": "Poids",
            "value": "1kg"
          }
        ]
      }
    ],
    "rawVariantsExist": true,
    "category": "Légumes"
  },
  {
    "url": "https://lesdelicesduverger.com/article/potimarron",
    "title": "Potimarron",
    "image": "\n                https://images.sumup.com/img_3YMKCKJ09Z86ZT05VYXSP1TKTE/image.png",
    "description": "Le potimarron est une variété de courge, souvent comparée à la citrouille, mais de taille plus petite et de forme arrondie ou légèrement allongée. Sa peau est d'un rouge-orangé profond, et sa chair est ferme, douce et de couleur jaune vif. Elle possède un goût légèrement sucré et une saveur de noisette, d'où son surnom de\"courge châtaigne\". Très appréciée pour sa texture veloutée lorsqu'elle est cuite, le potimarron est utilisé dans de nombreuses préparations culinaires, notamment les soupes, purées, gratins ou encore en accompagnement de viandes. Il est aussi riche en vitamines A et C, ainsi qu'en fibres. On peut le cuire avec la peau, car elle devient tendre à la cuisson.",
    "variants": [
      {
        "variant_id": "07FC455E-34D3-431C-A745-806F25D8B157",
        "variant_name": null,
        "price_cents": 395,
        "price_eur": 3.95,
        "unit_type": "unknown",
        "grams": null,
        "price_per_kg": null,
        "options": []
      }
    ],
    "rawVariantsExist": true,
    "category": "Légumes"
  },
  {
    "url": "https://lesdelicesduverger.com/article/potiron",
    "title": "Potiron",
    "image": "\n                https://images.sumup.com/img_6Y4A32EK4R9TWTWCX16A05GHQP/image.png",
    "description": "Potiron - Doux, Fondant et Plein de SoleilLe potiron est un légume d'automne à la chair orangée, tendre et légèrement sucrée. Très riche en bêta-carotène, en fibres, en vitamines A, C et E, il est aussi léger que nourrissant, idéal pour une cuisine saine et réconfortante.Délicieux en soupe, en purée, en gratin ou même en dessert, le potiron se prête à mille recettes, sucrées comme salées, et apporte une belle touche de couleur et de douceur à vos plats.",
    "variants": [
      {
        "variant_id": "74CBE784-628C-47B4-9327-30B5C9187767",
        "variant_name": "500g",
        "price_cents": 145,
        "price_eur": 1.45,
        "unit_type": "weight",
        "grams": 500,
        "price_per_kg": 2.9,
        "options": [
          {
            "name": "Poids ",
            "value": "500g"
          }
        ]
      },
      {
        "variant_id": "ce24a741-98b5-4f93-bf9e-37e5e81ba8f4",
        "variant_name": "1kg",
        "price_cents": 290,
        "price_eur": 2.9,
        "unit_type": "weight",
        "grams": 1000,
        "price_per_kg": 2.9,
        "options": [
          {
            "name": "Poids ",
            "value": "1kg"
          }
        ]
      }
    ],
    "rawVariantsExist": true,
    "category": "Légumes"
  },
  {
    "url": "https://lesdelicesduverger.com/article/radis-noir",
    "title": "Radis noir",
    "image": "\n                https://images.sumup.com/img_3DQ8BG6YA3997AFRTGXVVZJBYS/image.png",
    "description": "Le radis noir est un légume racine au goût puissant et légèrement poivré, très apprécié pour ses propriétés digestives et détoxifiantes. Sa peau sombre cache une chair blanche, croquante et riche en vitamines B et C, en potassium et en soufre naturel, excellent pour le foie.Parfait râpé en salade, en jus ou en fines tranches avec un filet de citron, le radis noir est un allié santé aux saveurs affirmées, idéal pour les amateurs de légumes au caractère bien trempé.",
    "variants": [
      {
        "variant_id": "26257A8F-9DCF-476A-934F-34F7E975B13A",
        "variant_name": null,
        "price_cents": 250,
        "price_eur": 2.5,
        "unit_type": "unknown",
        "grams": null,
        "price_per_kg": null,
        "options": []
      }
    ],
    "rawVariantsExist": true,
    "category": "Légumes"
  },
  {
    "url": "https://lesdelicesduverger.com/article/radis-rose-botte",
    "title": "Radis rose botte",
    "image": "\n                https://images.sumup.com/img_1D4EH30WC386KTRAJ53ENAQ7A0/image.png",
    "description": "Radis Rose - Croquant, Léger et Plein de Pep'sLe radis rose est un petit légume croquant à la saveur fraîche et légèrement piquante.Avec sa belle couleur rose vif et son cœur blanc, il apporte de la vivacité aussi bien en goût qu'en présentation. Peu calorique mais riche en vitamines C, en antioxydants et en minéraux, il est parfait pour une alimentation saine et tonique.",
    "variants": [
      {
        "variant_id": "2EFF7EAF-C18C-41F5-8130-59FA914F2477",
        "variant_name": null,
        "price_cents": 195,
        "price_eur": 1.95,
        "unit_type": "unknown",
        "grams": null,
        "price_per_kg": null,
        "options": []
      }
    ],
    "rawVariantsExist": true,
    "category": "Légumes"
  },
  {
    "url": "https://lesdelicesduverger.com/article/feta-a-o-p",
    "title": "Feta A.O.P",
    "image": "\n                https://images.sumup.com/img_4S7F4VE5SD8DBTJ0X2TKK2KCP3/image.png",
    "description": "",
    "variants": [
      {
        "variant_id": "36F863E5-C72A-43A5-A05E-68CDB298AC66",
        "variant_name": null,
        "price_cents": 495,
        "price_eur": 4.95,
        "unit_type": "unknown",
        "grams": null,
        "price_per_kg": null,
        "options": []
      }
    ],
    "rawVariantsExist": true,
    "category": "Produits laitiers"
  },
  {
    "url": "https://lesdelicesduverger.com/article/le-lait-d-excellence",
    "title": "Le Lait d’excellence",
    "image": "\n                https://images.sumup.com/img_1MMHD7NTDM8558BN23R9B3SMBY/image.png",
    "description": "1L",
    "variants": [
      {
        "variant_id": "452E74CD-8812-4E91-9384-D580DF92A22F",
        "variant_name": "Demi-écrémé ",
        "price_cents": 220,
        "price_eur": 2.2,
        "unit_type": "unknown",
        "grams": null,
        "price_per_kg": null,
        "options": [
          {
            "name": "Type",
            "value": "Demi-écrémé "
          }
        ]
      },
      {
        "variant_id": "f86879e6-7b21-4f2b-a752-74ed3605c2c3",
        "variant_name": "Entier",
        "price_cents": 220,
        "price_eur": 2.2,
        "unit_type": "unknown",
        "grams": null,
        "price_per_kg": null,
        "options": [
          {
            "name": "Type",
            "value": "Entier"
          }
        ]
      }
    ],
    "rawVariantsExist": true,
    "category": "Produits laitiers"
  },
  {
    "url": "https://lesdelicesduverger.com/article/yaourt-fierbois-180g",
    "title": "Yaourt Fierbois (180g)",
    "image": "\n                https://images.sumup.com/img_0EBAN4JWR69CSRFZEHQTSAQFJT/image.png",
    "description": "",
    "variants": [
      {
        "variant_id": "D84D8F1C-480A-4525-ADB2-4744E01C0311",
        "variant_name": "Myrtille ",
        "price_cents": 230,
        "price_eur": 2.3,
        "unit_type": "unknown",
        "grams": null,
        "price_per_kg": null,
        "options": [
          {
            "name": "Nos variétés ",
            "value": "Myrtille "
          }
        ]
      },
      {
        "variant_id": "9d0cb689-75ef-4c31-bd16-76bbfc55b217",
        "variant_name": "Framboise ",
        "price_cents": 230,
        "price_eur": 2.3,
        "unit_type": "unknown",
        "grams": null,
        "price_per_kg": null,
        "options": [
          {
            "name": "Nos variétés ",
            "value": "Framboise "
          }
        ]
      },
      {
        "variant_id": "c5abc88e-25f2-457e-a08d-eaf2e9a1d689",
        "variant_name": "Vanille bourbon ",
        "price_cents": 230,
        "price_eur": 2.3,
        "unit_type": "unknown",
        "grams": null,
        "price_per_kg": null,
        "options": [
          {
            "name": "Nos variétés ",
            "value": "Vanille bourbon "
          }
        ]
      },
      {
        "variant_id": "c4424f19-2b53-40a0-9c65-8a003d203545",
        "variant_name": "Mandarine amandes ",
        "price_cents": 230,
        "price_eur": 2.3,
        "unit_type": "unknown",
        "grams": null,
        "price_per_kg": null,
        "options": [
          {
            "name": "Nos variétés ",
            "value": "Mandarine amandes "
          }
        ]
      },
      {
        "variant_id": "73c5e45d-612b-4f63-8eee-161ffc4dfb5f",
        "variant_name": "Pamplemousse ",
        "price_cents": 230,
        "price_eur": 2.3,
        "unit_type": "unknown",
        "grams": null,
        "price_per_kg": null,
        "options": [
          {
            "name": "Nos variétés ",
            "value": "Pamplemousse "
          }
        ]
      },
      {
        "variant_id": "acb8d207-bfab-40ab-9416-bc64117c25a7",
        "variant_name": "Citron",
        "price_cents": 230,
        "price_eur": 2.3,
        "unit_type": "unknown",
        "grams": null,
        "price_per_kg": null,
        "options": [
          {
            "name": "Nos variétés ",
            "value": "Citron"
          }
        ]
      }
    ],
    "rawVariantsExist": true,
    "category": "Produits laitiers"
  },
  {
    "url": "https://lesdelicesduverger.com/article/batavia",
    "title": "Batavia",
    "image": "\n                https://images.sumup.com/img_1CMG1CMZ7S8K9RV49WKXPFQBFM/image.png",
    "description": "Batavia est une variété de salade très appréciée pour sa texture croquante, ses feuilles ondulées et sa saveur douce, légèrement sucrée.",
    "variants": [
      {
        "variant_id": "D6DB1E53-DC2D-4871-899D-49FDA6FDF80A",
        "variant_name": null,
        "price_cents": 225,
        "price_eur": 2.25,
        "unit_type": "unknown",
        "grams": null,
        "price_per_kg": null,
        "options": []
      }
    ],
    "rawVariantsExist": true,
    "category": "salades"
  },
  {
    "url": "https://lesdelicesduverger.com/article/endive",
    "title": "Endive",
    "image": "\n                https://images.sumup.com/img_2C4FVCS14P9Y3R62QV43B6EXJK/image.png",
    "description": "Endive - Subtilement Amère, Délicieusement CroquanteL'endive, aussi appelée chicon, est un légume à la saveur légèrement amère et à la texture croquante. Cultivée à l'abri de la lumière pour préserver sa blancheur, elle est riche en fibres, en potassium et en vitamine B9, tout en étant très faible en calories.Idéale en salade, braisée ou gratinée, l'endive se prête à de nombreuses préparations, aussi bien froides que chaudes. Un choix raffiné pour une cuisine saine, équilibrée et pleine de caractère.",
    "variants": [
      {
        "variant_id": "6ADB54DD-CB77-4B52-8A00-F768BDFAACF0",
        "variant_name": "500g",
        "price_cents": 295,
        "price_eur": 2.95,
        "unit_type": "weight",
        "grams": 500,
        "price_per_kg": 5.9,
        "options": [
          {
            "name": "Poids",
            "value": "500g"
          }
        ]
      },
      {
        "variant_id": "1c86a49b-b5dd-43e3-a62e-6deddfcd3e76",
        "variant_name": "1kg",
        "price_cents": 590,
        "price_eur": 5.9,
        "unit_type": "weight",
        "grams": 1000,
        "price_per_kg": 5.9,
        "options": [
          {
            "name": "Poids",
            "value": "1kg"
          }
        ]
      }
    ],
    "rawVariantsExist": true,
    "category": "salades"
  },
  {
    "url": "https://lesdelicesduverger.com/article/tomate-noir",
    "title": "Tomate noir",
    "image": "\n                https://images.sumup.com/img_452DB26CJ49SCBGTVKJBDHPCFB/image.png",
    "description": "Tomate Noire - Intense, Juteuse et Pleine de CaractèreLa tomate noire, reconnaissable à sa robe sombre aux reflets pourpres, offre une chair juteuse, dense et savoureuse. Son goût riche, légèrement sucré avec une pointe d'acidité, en fait une variété très appréciée des amateurs de tomates anciennes. Elle est également source de lycopène, d'antioxydants et de vitamines C et A.Parfaite crue en salade, en carpaccio ou simplement avec un filet d'huile d'olive, la tomate noire sublime vos assiettes avec authenticité et élégance.",
    "variants": [
      {
        "variant_id": "94A91E29-B161-41B0-BC19-D86BC376F65B",
        "variant_name": "500g",
        "price_cents": 395,
        "price_eur": 3.95,
        "unit_type": "weight",
        "grams": 500,
        "price_per_kg": 7.9,
        "options": [
          {
            "name": "Poids",
            "value": "500g"
          }
        ]
      },
      {
        "variant_id": "16083322-2a35-4966-8033-3127572a52f1",
        "variant_name": "1kg",
        "price_cents": 795,
        "price_eur": 7.95,
        "unit_type": "weight",
        "grams": 1000,
        "price_per_kg": 7.95,
        "options": [
          {
            "name": "Poids",
            "value": "1kg"
          }
        ]
      }
    ],
    "rawVariantsExist": true,
    "category": "Tomates"
  },
  {
    "url": "https://lesdelicesduverger.com/article/tomates-a-farcir",
    "title": "Tomates à farcir",
    "image": "\n                https://images.sumup.com/img_3DV9P9AN7784M80P00Y8QA3B8V/image.png",
    "description": "",
    "variants": [
      {
        "variant_id": "70AB6A0D-A71D-4313-A5DE-47ABDE453FA9",
        "variant_name": "500g",
        "price_cents": 490,
        "price_eur": 4.9,
        "unit_type": "weight",
        "grams": 500,
        "price_per_kg": 9.8,
        "options": [
          {
            "name": "Poids",
            "value": "500g"
          }
        ]
      },
      {
        "variant_id": "eba15b0d-e004-44e1-8b8c-2c29dcfc28d7",
        "variant_name": "1 kg",
        "price_cents": 490,
        "price_eur": 4.9,
        "unit_type": "weight",
        "grams": 1000,
        "price_per_kg": 4.9,
        "options": [
          {
            "name": "Poids",
            "value": "1 kg"
          }
        ]
      }
    ],
    "rawVariantsExist": true,
    "category": "Tomates"
  },
  {
    "url": "https://lesdelicesduverger.com/article/tomates-anciennes",
    "title": "Tomates anciennes",
    "image": "\n                https://images.sumup.com/img_326J524BJZ97Z88QD0WMRQ3P5Q/image.png",
    "description": "Tomates anciennes – Un festival de saveurs et de couleurs authentiquesLes tomates anciennes sont des variétés patrimoniales, cultivées pour leur goût authentique et leur diversité. Issues de semences traditionnelles, elles offrent une palette de couleurs et de formes variées : rouges, jaunes, vertes, pourpres, côtelées ou lisses. Leur chair charnue et juteuse, souvent sucrée, ravit les amateurs de saveurs d’antan. Parfaites en salade, en carpaccio ou simplement assaisonnées d’un filet d’huile d’olive, elles apportent une touche d’originalité et de gourmandise à vos plats.",
    "variants": [
      {
        "variant_id": "7A662E0C-8390-413A-A006-474A745D36DF",
        "variant_name": "500g",
        "price_cents": 395,
        "price_eur": 3.95,
        "unit_type": "weight",
        "grams": 500,
        "price_per_kg": 7.9,
        "options": [
          {
            "name": "Poids",
            "value": "500g"
          }
        ]
      },
      {
        "variant_id": "f0f049e8-648f-4f33-8798-fa007e001b58",
        "variant_name": "1kg",
        "price_cents": 790,
        "price_eur": 7.9,
        "unit_type": "weight",
        "grams": 1000,
        "price_per_kg": 7.9,
        "options": [
          {
            "name": "Poids",
            "value": "1kg"
          }
        ]
      }
    ],
    "rawVariantsExist": true,
    "category": "Tomates"
  },
  {
    "url": "https://lesdelicesduverger.com/article/tomates-cerises-meli-melo",
    "title": "Tomates cerises Méli Mélo",
    "image": "\n                https://images.sumup.com/img_0N6JZ90D3Z8X8BHFKHPGD3VAP9/image.png",
    "description": "Tomates cerises Méli-Mélo - Un festival de couleurs et de saveursLes tomates cerises Méli-Mélo sont un assortiment de variétés aux couleurs vives : rouges, jaunes, oranges, vertes ou pourpres. Leurs formes varient de sphériques à allongées, offrant une diversité visuelle attrayante. Leur chair juteuse et sucrée en fait une gourmandise idéale pour l'apéritif, les salades ou les plats cuisinés. Cultivées sans pesticides, elles sont souvent récoltées à la main, garantissant une qualité optimale.",
    "variants": [
      {
        "variant_id": "69EE3E02-92B2-4547-95CD-5CCDC2E69AEA",
        "variant_name": "250g",
        "price_cents": 325,
        "price_eur": 3.25,
        "unit_type": "weight",
        "grams": 250,
        "price_per_kg": 13,
        "options": [
          {
            "name": "Poids",
            "value": "250g"
          }
        ]
      },
      {
        "variant_id": "f13095b0-3c00-441c-90cb-3355b5dc87d1",
        "variant_name": "500g",
        "price_cents": 650,
        "price_eur": 6.5,
        "unit_type": "weight",
        "grams": 500,
        "price_per_kg": 13,
        "options": [
          {
            "name": "Poids",
            "value": "500g"
          }
        ]
      }
    ],
    "rawVariantsExist": true,
    "category": "Tomates"
  },
  {
    "url": "https://lesdelicesduverger.com/article/tomates-cerises-rabelais",
    "title": "Tomates cerises Rabelais",
    "image": "\n                https://images.sumup.com/img_5MJGGAF6PS8FYV8X4AXRCWNY43/image.png",
    "description": "Tomates cerises du Jardin de Rabelais – Saveur et fraîcheur du Val de LoireCultivées avec passion dans le cœur du Val de Loire, les tomates cerises du Jardin de Rabelais séduisent par leur goût sucré, leur texture fondante et leur éclat naturellement rouge. Issues d’une agriculture responsable certifiée HVE (Haute Valeur Environnementale), elles sont récoltées à parfaite maturité pour garantir une qualité gustative exceptionnelle. Idéales en apéritif, en salade ou simplement croquées nature, ces petites merveilles incarnent l’excellence d’un savoir-faire local, respectueux de l’environnement et du plaisir gourmand.",
    "variants": [
      {
        "variant_id": "1FBE211A-FB63-41A1-BC58-8D632E020153",
        "variant_name": "500g",
        "price_cents": 1495,
        "price_eur": 14.95,
        "unit_type": "weight",
        "grams": 500,
        "price_per_kg": 29.9,
        "options": [
          {
            "name": "Poids",
            "value": "500g"
          }
        ]
      },
      {
        "variant_id": "6709db41-55d6-4db4-ba87-b322de3ccf68",
        "variant_name": "250g",
        "price_cents": 750,
        "price_eur": 7.5,
        "unit_type": "weight",
        "grams": 250,
        "price_per_kg": 30,
        "options": [
          {
            "name": "Poids",
            "value": "250g"
          }
        ]
      }
    ],
    "rawVariantsExist": true,
    "category": "Tomates"
  },
  {
    "url": "https://lesdelicesduverger.com/article/tomates-coeur-de-boeuf",
    "title": "Tomates coeur de bœuf",
    "image": "\n                https://images.sumup.com/img_0AV63JZHYG8YJAPXAQM7J8GNA3/image.png",
    "description": "- Généreuse, Savoureuse et AuthentiqueLa tomate Cœur de Bœuf se distingue par sa forme charnue en cœur et sa belle robe rouge profond. Très juteuse, douce et peu acide, elle offre une chair ferme et fondante, idéale pour les amateurs de vraies saveurs. Riche en antioxydants, en vitamines C et A, c'est un atout santé aussi bon que beau.Parfaite crue en salade pour révéler tout son goût, ou légèrement cuite dans des plats méditerranéens, la tomate Cœur de Bœuf est un incontournable des cuisines ensoleillées.",
    "variants": [
      {
        "variant_id": "4CD7DCFD-9676-4318-94CC-8EB449642C0B",
        "variant_name": "500g",
        "price_cents": 395,
        "price_eur": 3.95,
        "unit_type": "weight",
        "grams": 500,
        "price_per_kg": 7.9,
        "options": [
          {
            "name": "Poids",
            "value": "500g"
          }
        ]
      },
      {
        "variant_id": "37541a70-d53c-4e34-8d3f-07df4903a880",
        "variant_name": "1kg",
        "price_cents": 790,
        "price_eur": 7.9,
        "unit_type": "weight",
        "grams": 1000,
        "price_per_kg": 7.9,
        "options": [
          {
            "name": "Poids",
            "value": "1kg"
          }
        ]
      }
    ],
    "rawVariantsExist": true,
    "category": "Tomates"
  },
  {
    "url": "https://lesdelicesduverger.com/article/tomates-grappes",
    "title": "Tomates grappes",
    "image": "\n                https://images.sumup.com/img_7P8NHFMCG595F8W16SK9QMMQT3/image.png",
    "description": "Tomate grappe - Fraîcheur et saveur au naturelLa tomate grappe est une variété appréciée pour sa chair juteuse et son goût équilibré. Présentée en grappes de 4 à 5 fruits, elle dégage un parfum agréable depuis sa tige. Sa texture ferme la rend idéale pour une consommation crue en salade ou cuite dans divers plats. Cultivée en France, notamment en Bretagne, elle est souvent récoltée à la main, garantissant une qualité optimale.",
    "variants": [
      {
        "variant_id": "827F20F4-40FB-43A3-933E-9CD3EEC82954",
        "variant_name": "500g",
        "price_cents": 295,
        "price_eur": 2.95,
        "unit_type": "weight",
        "grams": 500,
        "price_per_kg": 5.9,
        "options": [
          {
            "name": "Poids",
            "value": "500g"
          }
        ]
      },
      {
        "variant_id": "d6f40aa2-624b-41af-863d-897d87f876f9",
        "variant_name": "1kg",
        "price_cents": 590,
        "price_eur": 5.9,
        "unit_type": "weight",
        "grams": 1000,
        "price_per_kg": 5.9,
        "options": [
          {
            "name": "Poids",
            "value": "1kg"
          }
        ]
      }
    ],
    "rawVariantsExist": true,
    "category": "Tomates"
  },
  {
    "url": "https://lesdelicesduverger.com/article/tomates-jouno",
    "title": "Tomates jouno",
    "image": "\n                https://images.sumup.com/img_48NCC8KC4V9JGSTZVY00REC693/image.png",
    "description": "Tomates Jouno – L’excellence française au naturelDepuis 1888, la maison Jouno cultive des tomates d’exception en Bretagne, alliant tradition et innovation. Les tomates Jouno, issues de la gamme MyGOO, sont reconnues pour leur goût sucré, leur texture ferme et leur éclat rouge vif. Cultivées sans insecticides, elles incarnent un engagement fort pour l’environnement et la santé des consommateurs. Parfaites en apéritif, en salade ou en cuisine, ces petites merveilles raviront vos papilles tout en respectant la nature",
    "variants": [
      {
        "variant_id": "C38BAB59-52DA-4850-B8A0-D96C12146AC8",
        "variant_name": "500g",
        "price_cents": 899,
        "price_eur": 8.99,
        "unit_type": "weight",
        "grams": 500,
        "price_per_kg": 17.98,
        "options": [
          {
            "name": "Poids",
            "value": "500g"
          }
        ]
      },
      {
        "variant_id": "2dbde7a6-c343-45da-9b96-b24749de3331",
        "variant_name": "250g",
        "price_cents": 450,
        "price_eur": 4.5,
        "unit_type": "weight",
        "grams": 250,
        "price_per_kg": 18,
        "options": [
          {
            "name": "Poids",
            "value": "250g"
          }
        ]
      }
    ],
    "rawVariantsExist": true,
    "category": "Tomates"
  },
  {
    "url": "https://lesdelicesduverger.com/article/tomate-torino",
    "title": "Tomate Torino",
    "image": "\n                https://images.sumup.com/img_5RT35DMHPQ9WHTYBHHA6C73EQW/image.png",
    "description": "Tomate Torino – L’élégance allongée au goût authentiqueLa tomate Torino, cultivée en France, est une variété allongée reconnue pour sa chair ferme et charnue. Elle se distingue par sa saveur équilibrée, à la fois douce et légèrement acidulée. Grâce à sa texture dense, elle est idéale pour la cuisson, notamment pour des recettes de tomates farcies, mais également parfaite en tranches dans des salades ou des sandwiches",
    "variants": [
      {
        "variant_id": "35CDA319-F7B8-4C20-9CE3-F7720E8E62F8",
        "variant_name": "500g",
        "price_cents": 345,
        "price_eur": 3.45,
        "unit_type": "weight",
        "grams": 500,
        "price_per_kg": 6.9,
        "options": [
          {
            "name": "Poids",
            "value": "500g"
          }
        ]
      },
      {
        "variant_id": "81d3d373-f344-4d6a-8e24-eba97594a976",
        "variant_name": "1kg",
        "price_cents": 690,
        "price_eur": 6.9,
        "unit_type": "weight",
        "grams": 1000,
        "price_per_kg": 6.9,
        "options": [
          {
            "name": "Poids",
            "value": "1kg"
          }
        ]
      }
    ],
    "rawVariantsExist": true,
    "category": "Tomates"
  }
]